3038 4988
737 218 777 277 50

672 304 843 311 —-——

115 423 227 500 putet,
249 426 288 481 ut
303 419 337 481 in
352 421 439 481 hunc
455 439 591 501 puerum
607 418 734 500 regium
754 417 847 500 quasi
864 416 899 479 in
920 439 1055 501 scopum
1077 418 1284 500 propositum
1305 426 1401 482 tot-us

116 534 310 617 amplissimi
327 537 476 600 carminis
493 560 686 621 progressus
703 537 917 620 dirigeretur,
940 545 974 598 et
991 537 1060 619 ejus
1080 536 1133 599 dei
1150 546 1301 622 παθήματα
1322 561 1401 621 prae

116 653 255 717 aliorum
271 658 290 719 J
293 656 362 720 ovis
384 656 525 720 filiorum
546 656 624 720 fatis
646 656 913 740 praedicarentur
935 663 970 719 et
989 663 1228 733 enarrarentur,
1252 657 1334 719 mihi
1350 680 1398 737 ea,

116 795 198 856 quae
215 772 249 837 in
265 776 527 859 Rhapsodiarum
543 776 738 859 fragmentis
756 782 1054 838 commemorantur
1073 775 1113 838 de
1130 774 1265 838 deorum
1282 777 1400 860 Olym-

115 893 263 976 picorum
280 904 355 958 ortu
371 903 404 958 ct
421 895 609 972 connubiis,
633 895 781 978 quamvis
798 894 865 958 sint
880 896 1015 978 pauca¹,
1038 901 1150 958 tamen
1169 895 1264 977 plura
1285 895 1402 959 viden-

115 1020 171 1075 tur
187 1034 273 1092 esse,
297 1037 393 1097 quam
410 1036 493 1096 quae
514 1013 583 1077 sine
605 1014 840 1097 impedimento
863 1014 1024 1096 ejusmodi
1044 1012 1180 1076 carmini
1199 1012 1400 1078 intertexere

116 1131 263 1208 licuerit3
287 1155 393 1216 neque
409 1135 524 1211 Plato,
547 1133 604 1196 ubi
625 1133 658 1196 in
678 1133 810 1196 Timaeo
834 1132 980 1214 singulas
1002 1132 1166 1216 Orphicae
1188 1133 1400 1216 Theogoniae

117 1251 286 1335 dynastias
302 1253 487 1329 τεεεηεεε,2
509 1253 671 1335 Zagreum
688 1252 820 1315 silentio
837 1252 1014 1335 praeterire
1030 1251 1084 1315 vel
1100 1251 1209 1315 verbis
1230 1261 1268 1321 ἔτι
1288 1285 1320 1320 τε
1339 1259 1401 1322 rod-

115 1403 169 1438 των
184 1379 280 1447 ἄλλους
295 1381 415 1458 ἐκγόνους
430 1371 537 1437 obiter
551 1379 682 1435 tantum
699 1371 785 1434 inter
801 1371 939 1434 aliorum
958 1371 1135 1433 liberorum
1152 1373 1172 1433 J
1174 1371 1243 1433 ovis
1263 1392 1400 1454 gregem

117 1489 301 1573 significare
317 1492 439 1575 potuit.

202 1607 320 1693 ltaque
338 1632 403 1673 non
419 1632 616 1693 magnopere
633 1632 787 1692 gravarer
798 1609 915 1693 Zagrei
931 1609 1090 1672 iacturam
1107 1609 1226 1687 facere,
1238 1609 1303 1672 nisi
1316 1632 1399 1693 quae

116 1728 191 1791 inde
208 1737 389 1812 sequuntur
406 1729 486 1792 mihi
501 1729 643 1812 aliquam
659 1752 783 1792 moram
799 1729 969 1791 inferrent.
1001 1729 1035 1792 Si
1052 1728 1138 1792 enim
1154 1729 1271 1811 Zagrei
1287 1728 1401 1792 fabula

117 1869 158 1910 ex
180 1856 289 1912 vetere
311 1848 503 1931 Theogonia
525 1849 702 1926 eximatur,
725 1854 799 1911 tota
820 1847 915 1910 nobis
938 1855 1068 1910 corruet
1090 1846 1148 1910 illa
1170 1847 1359 1911 coniectura
1380 1871 1399 1912 a

117 1967 324 2031 Lobeckio
342 1990 469 2030 summo
486 1968 635 2031 acumine
652 1975 686 2030 et
701 1966 867 2029 immensis
888 1966 1057 2029 laboribus
1078 1966 1310 2044 exaedificata,
1335 1990 1399 2049 qua

117 2086 343 2169 Theogoniam
359 2087 537 2170 Orphicam
554 2088 594 2150 ab
613 2086 825 2150 Onomacrito
843 2085 998 2167 scriptam
1016 2107 1087 2148 esse
1102 2086 1240 2170 probare
1257 2085 1399 2149 studuit.

118 2204 211 2269 Quae
236 2207 322 2270 enim
347 2206 380 2270 in
404 2208 489 2270 hano
515 2205 713 2269 sententiam
739 2204 903 2289 disputat,
931 2204 1040 2267 omnia
1064 2206 1128 2266 huc
1153 2203 1220 2266 fere
1245 2204 1397 2268 redeunt.

117 2324 260 2390 Fabulae
277 2327 317 2389 de
333 2326 450 2408 Zagrei
465 2332 570 2389 morte
587 2325 716 2388 nullum
732 2331 808 2387 ante
826 2322 1031 2386 Onomacriti
1049 2331 1199 2406 tempora
1220 2322 1399 2406 vestigium

115 2443 270 2520 inveniri;
289 2445 400 2527 itaque
416 2444 581 2508 versimile
598 2464 679 2521 esse,
698 2442 934 2525 Theogoniam,
952 2441 1009 2505 ubi
1026 2464 1063 2504 ea
1079 2441 1173 2519 insit,
1190 2442 1275 2505 illud
1290 2441 1398 2525 ipsum

116 2586 187 2628 esse
204 2586 344 2642 carmen,
366 2565 453 2646 quod
470 2563 702 2626 Onomacritus
720 2562 900 2626 secundum
915 2560 1112 2624 Pausaniam
1128 2560 1170 2624 ad
1187 2561 1401 2644 explicandos

116 2705 282 2746 sacrorum
297 2683 536 2746 Bacchioorum
552 2683 605 2745 vel
620 2681 840 2764 Orphioorum
855 2681 908 2744 vel
925 2680 1064 2762 denique
1080 2680 1299 2763 Phrygiorum
1314 2679 1401 2742 ritus

117 2802 357 2885 conscripserit.
391 2801 520 2865 Quodsi
534 2802 679 2883 Zagreus
699 2822 739 2863 ex
757 2807 868 2863 vetere
887 2798 1079 2881 Theogonia
1100 2799 1315 2881 expellendus
1336 2806 1398 2877 est,

115 2944 182 2984 non
196 2921 309 2999 video,
333 2943 396 3004 quo
419 2919 519 2983 titulo
540 2918 574 2981 in
596 2921 683 2981 hunc
705 2918 809 2981 omnis
831 2917 1001 2981 Minervae
1023 2918 1191 2981 hominem
1211 2917 1245 2980 id
1268 2940 1400 3001 quoque

115 3040 249 3103 honoris
270 3039 474 3116 conferatur,
499 3038 586 3121 quod
609 3037 840 3100 celeberrimae
862 3036 1026 3119 Orphioae
1047 3036 1258 3120 Theogoniae
1282 3045 1401 3101 auctor

117 3159 171 3221 sit.
205 3158 262 3221 Sin
279 3180 317 3220 ea
334 3156 554 3234 Onomacriti,
575 3155 704 3219 nonita
721 3156 852 3219 obscuri
868 3155 992 3219 saeculi
1008 3155 1166 3234 hominis,
1186 3178 1302 3218 manus
1319 3157 1400 3218 effu-

116 3277 212 3360 gerit,
228 3299 391 3339 summum
409 3275 470 3338 erit
486 3274 678 3358 periculum,
694 3297 735 3337 ne
752 3275 786 3351 in
801 3275 1067 3358 praecedentium
1084 3276 1289 3337 saeculorum
1304 3282 1398 3338 tene-

115 3396 191 3460 bras
212 3398 405 3479 submergat
425 3415 601 3477 rursusque
623 3400 701 3457 ante
725 3395 837 3457 oculos
858 3402 990 3457 nostros
1009 3401 1157 3477 emergat
1183 3392 1251 3457 veri
1271 3393 1400 3476 Orphei

115 3516 240 3599 species
263 3515 350 3578 viros
375 3515 491 3577 doctos
515 3513 621 3576 denuo
647 3536 712 3577 una
738 3535 812 3576 cum
835 3513 979 3577 Homero
1006 3521 1040 3576 et
1063 3513 1208 3576 Hesiodo
1233 3483 1396 3575 venaturi.

115 3635 348 3717 Quaerendum
372 3633 474 3717 igitur
499 3639 567 3710 est,
592 3655 671 3695 num
695 3639 825 3714 praeter
849 3632 966 3715 Zagrei
989 3632 1135 3695 fabulam
1166 3631 1230 3694 alia
1257 3631 1399 3695 inveniri

114 3754 243 3838 possint
264 3751 401 3831 indicia,
427 3774 509 3836 quae
534 3751 760 3835 Theogoniam
785 3751 964 3835 Orphicam
989 3760 1080 3814 trans
1106 3749 1398 3813 Pisistradidarum

115 3895 232 3937 aevum
254 3873 401 3955 relegare
424 3893 484 3934 nos
507 3877 633 3934 vetent.
678 3870 712 3933 si
736 3869 820 3934 enim
845 3872 944 3954 hujus
969 3869 1120 3932 carminis
1145 3868 1287 3952 origines
1311 3867 1399 3930 sexti

1008 3958 1014 3978 .

115 3991 239 4057 sacculi
268 3989 473 4074 temporibus
504 3989 597 4073 quasi
626 3989 775 4053 terminis
807 3988 1074 4052 circumscribere
1106 3987 1297 4071 contingat,
1330 4010 1398 4050 non

116 4111 366 4195 desperandum,
384 4110 465 4187 fore,
483 4117 521 4172 ut
537 4110 692 4173 adversus
709 4109 767 4171 illa
782 4107 973 4172 testimonia
989 4130 1087 4192 supra
1103 4108 1205 4171 allata
1220 4128 1343 4183 rursus,
1364 4105 1401 4168 id

184 4280 193 4311 ¹
211 4285 273 4349 Agl.
288 4302 318 4349 p.
339 4288 388 4333 540
401 4302 438 4350 sq.

182 4367 252 4420 'Gt
273 4385 349 4436 supra
367 4373 389 4434 ξ.
410 4377 434 4420 2.
