3038 4988
749 240 789 301 86

127 446 211 507 hanc
227 444 372 509 fabulam
389 443 530 527 primum
545 443 585 504 ab
599 439 811 504 Onomacrito
828 440 862 503 in
877 449 1006 516 Τελεταῖς
1020 441 1225 526 propositum
1242 463 1325 520 esse,
1344 465 1411 504 non

127 563 302 628 verisimile
325 569 392 640 est,
420 583 491 624 eam
510 541 575 623 non
597 560 644 623 ita
663 560 769 623 multo
792 566 869 643 post
893 561 934 623 ab
954 560 1129 624 Hellanico
1150 561 1350 644 exscriptam
1376 568 1411 624 et

64 730 67 735 »
128 705 186 745 suo
204 682 338 746 carmini
355 682 513 746 insertam
529 702 611 744 esse.
657 679 785 742 Deinde
800 677 959 743 Phanetis
977 679 1144 764 cataposin
1163 702 1228 742 non
1243 679 1352 743 minus
1368 681 1411 744 ab

128 803 343 884 Athenagora
354 803 487 885 Orpheo
505 823 563 863 suo
579 799 739 863 tributam
752 798 867 881 quinto
884 800 1016 862 saeculo
1032 799 1183 882 ignotam
1198 798 1311 877 fuisse,
1329 799 1412 862 mihi

129 943 170 984 ex
190 920 229 982 iis
247 943 328 1003 quae
345 922 460 1003 supra¹
483 918 649 1003 disputavi
671 918 752 980 satis
768 917 981 981 manifestum
996 918 1137 981 videtur.
1184 919 1303 1001 Itaque
1326 918 1412 981 alius

129 1039 321 1103 Hellanicus
338 1039 551 1102 arcessendus
568 1045 629 1101 est.
676 1038 721 1100 Et
736 1037 877 1100 fortasse
893 1036 1119 1101 Lobeokius
1135 1037 1282 1121 proxime
1298 1061 1317 1103 a
1333 1059 1414 1136 vero

129 1158 271 1236 aberrat,
290 1158 401 1241 quide
419 1157 591 1220 Hellanico
609 1156 770 1220 Sandonis
786 1156 977 1240 philosophi
992 1162 1096 1239 patre,
1120 1177 1215 1239 quem
1233 1178 1273 1220 ex
1289 1156 1411 1220 Suidae

129 1277 418 1343 adnotationibus*
440 1276 614 1354 excitavit,
639 1275 853 1359 cogitandum
868 1297 940 1339 esse
957 1275 1038 1338 satis
1060 1281 1173 1359 aperte
1193 1284 1329 1339 annuat.
1376 1276 1412 1338 Si

130 1395 215 1458 enim
231 1404 324 1479 pater
341 1396 519 1480 Orphicam
529 1395 755 1479 Theogoniam
771 1395 912 1480 scripsit,
931 1394 1010 1478 qnid
1024 1394 1153 1472 mirum,
1172 1395 1199 1457 si
1218 1395 1305 1457 filius
1323 1416 1412 1458 com-

131 1515 350 1579 mentationes
375 1515 517 1599 adjecit?
562 1517 678 1598 Neque
704 1515 858 1598 despero,
885 1514 956 1577 fieri
980 1535 1091 1598 posse,
1117 1520 1156 1576 ut
1180 1514 1304 1597 aliquid
1328 1515 1413 1577 lucis

131 1633 226 1696 istius
243 1633 408 1698 Hellanici
429 1635 546 1718 origini
567 1635 795 1717 adspargatur.
841 1633 974 1697 Sandon
996 1633 1081 1696 enim
1103 1632 1184 1696 mihi
1203 1633 1335 1702 videtur
1354 1633 1412 1697 ille

131 1759 225 1838 pater
244 1753 344 1819 fuisse
367 1754 562 1837 Apollodori
583 1754 702 1832 Stoici,
725 1753 779 1836 qui
801 1754 861 1817 sub
879 1752 1017 1816 Caesare
1040 1760 1074 1815 et
1095 1754 1247 1835 Augusto
1269 1753 1412 1816 floruit.³

130 1873 353 1957 Apollodorus
370 1881 491 1952 autem,
512 1873 604 1937 Tarsi
619 1879 728 1952 natus,
746 1872 830 1936 vixit
846 1894 948 1935 annos
965 1871 1137 1955 octaginta
1152 1872 1246 1935 duos.
1293 1872 1413 1955 ltaque

130 1994 263 2059 Sandon
288 1995 348 2057 sub
374 2017 495 2057 annum
517 1992 796 2077 septuagesimum
818 1991 910 2054 Tarsi
935 1991 1035 2054 fuerit
1059 2013 1192 2054 necesse
1217 1997 1280 2055 est.
1328 1992 1412 2054 Cum

129 2134 205 2176 vero
230 2112 319 2177 idern
341 2114 520 2178 secundum
543 2112 675 2175 Suidam
697 2112 914 2196 philosophus
940 2117 1044 2189 essct,
1071 2111 1140 2174 sine
1166 2110 1265 2175 dubio
1290 2111 1323 2174 in
1348 2113 1412 2174 hac

129 2233 209 2295 urbe
230 2233 416 2296 litterarum
440 2232 558 2295 studiis
582 2230 841 2316 praeclarissima
862 2231 1010 2294 scholam
1030 2230 1158 2294 habuit.
1205 2231 1277 2294 Nec
1297 2236 1411 2295 tamen

129 2351 198 2438 ipsc
222 2353 313 2415 Tarsi
343 2358 440 2415 natus
471 2359 557 2431 erat,
589 2352 648 2415 sed
678 2373 718 2415 ex
742 2348 914 2414 Strabonis
937 2350 1046 2413 verbis
1070 2363 1118 2420 τοῦ
1142 2360 1286 2432 Σάνδονος,
1315 2360 1345 2419 ὃν
1367 2361 1413 2420 καὶ

129 2479 277 2559 Katadrai
305 2480 382 2559 φασὶν
411 2482 462 2541 ἀπὸ
486 2483 581 2562 κώμης
608 2476 676 2545 τινός
700 2469 855 2534 discimus
862 2518 872 2547 ,
904 2491 977 2532 eum
1006 2491 1046 2532 ex
1070 2469 1141 2532 vico
1167 2469 1325 2552 quodam,
1358 2469 1411 2534 cui

130 2613 249 2657 nomen
279 2600 350 2657 erat
379 2593 497 2656 Kanan
526 2593 579 2655 vel
608 2592 717 2669 Kana,
750 2597 859 2653 ortum
888 2589 1001 2652 fuisse.
1056 2589 1227 2672 Ejusmodi
1255 2588 1346 2651 vicus
1377 2589 1411 2651 in

130 2710 308 2776 Phoenicia
329 2713 381 2775 vel
402 2713 436 2774 in
455 2712 545 2776 tribu
566 2710 796 2776 Asseridarum
815 2731 916 2792 prope
938 2708 1093 2771 Sidonem
1115 2707 1198 2772 situs
1219 2709 1320 2770 erat.⁴
1367 2709 1412 2775 Et

130 2831 330 2898 Phoenicem
346 2832 532 2895 Sandonem
548 2830 664 2909 fnisse,
687 2829 826 2892 fortasse
847 2828 947 2892 etiam
968 2850 1008 2891 ex
1027 2827 1157 2890 nomine
1174 2827 1410 2910 colligendum.

131 2949 205 3015 Etsi
227 2951 311 3014 enim
335 2951 468 3017 Sandon
488 2950 568 3016 deus
590 2948 747 3032 imprimis
769 2948 803 3013 in
824 2947 946 3033 Lydia,
969 2946 1100 3027 Cilicia,
1124 2946 1261 3032 Assyria
1282 2947 1412 3012 coleba-

201 3210 210 3240 l

200 3212 257 3349 ²i.
271 3219 300 3349 6ο.
321 3295 437 3349 Edatur·
459 3294 622 3356 Ἑλλανίκου,
645 3296 780 3368 φιλόσοφος
799 3295 909 3368 ἔγραψεν
928 3294 1059 3352 ὑποθέσεις
1083 3296 1119 3352 εἰς
1134 3290 1244 3367 Ὀρφέα,
1272 3292 1368 3363 βιβλίον
1386 3294 1412 3348 οἱ.

133 3383 173 3435 cf.
193 3386 255 3449 aql.
272 3402 301 3448 p.
321 3388 380 3444 aar,
400 3389 458 3432 340.

201 3466 324 3520 ”arrato
341 3469 415 3519 XIV
428 3487 458 3535 p.
477 3471 528 3521 674
548 3471 655 3520 hrotam
675 3471 791 3519 Macrob.
812 3473 844 3519 21
864 3470 907 3530 (Τ.
931 3469 1010 3527 VIII,
1029 3471 1079 3518 120
1102 3470 1142 3518 cd.
1161 3468 1316 3529 monas),
1337 3469 1411 3518 Part.

132 3556 258 3605 Pabttoot
280 3557 321 3607 17.
592 3569 594 3572 ⁴

201 3637 212 3666 ⁴
229 3642 311 3690 Joacc
331 3645 369 3700 19,
389 3645 430 3689 28.
467 3639 587 3690 Ceterum
606 3642 628 3690 is
646 3641 730 3702 vicus,
751 3655 827 3702 quem
845 3639 990 3702 intelligunt
1007 3640 1042 3688 ibi
1061 3640 1276 3703 interpretatores,
1295 3639 1414 3703 proprior

133 3724 182 3773 fnit
199 3725 295 3788 Tyrum
314 3741 390 3788 quam
410 3725 542 3775 Sidonem.
580 3725 631 3775 Sed
651 3725 731 3775 Sidon
748 3725 872 3774 Israelitis
895 3725 921 3772 in
941 3723 1136 3774 Cananaeorum
1161 3733 1253 3774 terram
1270 3725 1414 3774 invadenti-

133 3811 181 3858 bus
193 3812 273 3859 mnlto
286 3819 340 3860 erat
351 3813 496 3875 opulentior
507 3813 585 3875 Tyro,
604 3814 640 3861 ita
655 3819 683 3861 ut
699 3812 801 3861 facilins
813 3812 881 3860 illius
894 3826 987 3860 nomeu
1000 3826 1076 3873 quam
1089 3811 1164 3873 hujus
1177 3809 1297 3859 scribenti
1310 3825 1414 3858 succur-

133 3904 208 3945 reret.
244 3894 299 3951 Nisi
327 3904 412 3946 autem
437 3895 529 3946 Strabo
556 3898 671 3946 dissertis
698 3897 782 3946 verbis
808 3895 954 3944 Sandonem
978 3894 1120 3945 Cananitae
1146 3910 1239 3945 nomen
1266 3895 1298 3943 ab
1325 3896 1414 3958 aliquo

134 3982 202 4030 vico
220 3982 329 4030 traxisse
348 3983 455 4043 diceret,
478 3984 586 4032 fortasse
605 3978 752 4052 Καοανίτης
770 3982 922 4031 Cananaeus
941 3982 980 4030 vel
998 3982 1151 4030 Phoenicius
1169 3982 1317 4030 vertendum
1335 3988 1414 4030 osset.

135 4065 296 4129 Quamquam
322 4066 490 4132 Septuaginta
516 4068 612 4131 aliique
639 4069 775 4132 scriptores
802 4083 914 4131 semper,
944 4069 1012 4129 quod
1038 4068 1130 4126 sciam,
1155 4063 1261 4118 Xcrcdr
1288 4068 1413 4117 scribunt.

134 4155 237 4204 Praeter
254 4155 316 4204 illud
335 4163 421 4205 autem
437 4156 513 4205 Kana
531 4156 608 4204 etiarn
625 4157 676 4205 duo
694 4157 720 4204 in
741 4155 857 4205 Galilaea
875 4156 963 4216 fnisse,
987 4161 1077 4202 notum
1095 4161 1134 4201 est
1152 4152 1197 4216 (cf.
1217 4153 1323 4201 Winer
1340 4155 1412 4203 Bibl.

134 4240 316 4291 Βοαλιοόήονό.
334 4259 355 4292 s.
368 4259 403 4300 ra,
422 4242 555 4289 Raumer
571 4243 718 4301 Palatina,
734 4261 762 4307 p.
780 4243 847 4306 129).
886 4240 936 4290 Sed
955 4242 986 4289 de
1004 4240 1044 4288 his
1062 4254 1114 4288 non
1132 4239 1232 4288 videtur
1250 4239 1416 4302 cogitandum

135 4339 200 4374 esse.
236 4325 266 4374 In
284 4315 562 4387 tabulaPalaestinae,
588 4342 604 4374 a
621 4341 644 4374 v.
665 4327 689 4380 d.
709 4327 807 4377 Velde
831 4327 980 4381 adumbrata
997 4332 1128 4397 praeterea
1145 4324 1345 4382 innumerabiles
1364 4325 1416 4377 vici

102 4430 104 4435 ·
134 4419 258 4463 occurant
274 4411 379 4463 nomine
396 4411 472 4463 Khtn
490 4411 613 4478 insigniti.
