3038 4988
733 243 775 302 44

669 329 839 337 ——-·—

114 447 337 529 Aeschylum,
362 445 418 528 qui
437 446 478 508 ab
495 447 668 508 Athenaeo
690 445 840 507 tradatur
856 442 1043 521 dictitasse,
1065 441 1253 525 tragoedias
1271 465 1346 506 suas
1362 469 1404 504 τε·

114 575 190 656 μάχη
208 573 271 633 εἶναι
285 578 339 633 τῶν
349 571 473 651 Ὁμήρου
490 569 617 651 μεγάλων
633 573 759 645 δείπνων,
779 563 923 646 aliquam
940 570 1111 653 βωμολοχίαν
1131 563 1315 626 exercuisse
1331 584 1403 626 ver·

114 684 164 747 bis
186 692 253 759 Ζεύς
272 694 340 752 ἐστιν
360 691 456 770 αἰθήρ,
477 691 545 758 Ζεὺς
565 694 595 751 δὲ
609 698 658 770 γῆ,
679 691 747 758 Ζεὺς
762 689 784 751 δ)
800 691 923 769 οὐρανός,
943 689 1012 757 Ζεύς
1025 713 1066 750 τοι
1080 691 1114 750 τὰ
1129 691 1214 751 πάντα
1228 689 1299 772 χῶτι
1312 699 1366 751 τῶν
1381 688 1402 751 δ’

114 812 256 889 ὑπέρτερον
272 803 312 865 ab
330 803 463 886 Orpheo
481 802 716 886 depromptis.¹

200 922 247 983 lis
264 928 374 984 autem
391 943 473 1003 quae
489 921 586 995 modo
604 921 673 984 dixi
689 921 789 984 etiam
805 943 843 984 ea
857 920 1071 998 refelluntur,
1094 941 1176 1003 quae
1193 927 1309 984 contra
1324 943 1404 1003 pan·

114 1040 293 1103 theismum
319 1041 353 1104 in
377 1040 491 1103 fabula
514 1041 554 1104 dc
575 1041 724 1103 Phanete
746 1040 852 1123 magis
874 1040 1057 1117 excultum,
1084 1062 1182 1122 quam
1202 1039 1258 1123 qui
1278 1040 1404 1123 Orphei

115 1159 217 1223 aetati
232 1160 441 1244 respondeat,
459 1183 478 1223 a
494 1159 648 1242 quopiam
663 1159 801 1242 proferri
816 1158 955 1243 possint.
991 1159 1074 1222 Cum
1091 1159 1176 1222 enim
1192 1159 1268 1222 inde
1284 1182 1303 1222 a
1318 1160 1403 1222 Tha·

44 1315 46 1318 <
114 1280 181 1342 lete
205 1287 238 1341 et
256 1280 460 1362 Xenophane
482 1279 587 1361 magis
608 1278 778 1362 magisque
799 1279 832 1341 in
853 1280 962 1342 locum
984 1279 1119 1342 deorum
1140 1279 1180 1341 ab
1202 1279 1346 1342 Homero
1370 1286 1404 1342 et

114 1398 259 1461 Hesiodo
278 1398 580 1462 commendatorum
603 1398 862 1480 subrogarentur
882 1421 901 1460 a
919 1397 1126 1482 philosophis
1147 1421 1206 1461 sua
1223 1399 1262 1461 de
1279 1399 1403 1462 mundo

115 1528 146 1581 et
173 1517 306 1581 numine
331 1516 441 1580 divino
467 1517 604 1600 placita,
631 1517 669 1595 ii,
696 1516 813 1600 quibus
838 1523 988 1581 veterum
1008 1517 1144 1580 deorum
1166 1518 1292 1580 cultum
1317 1518 1404 1581 tueri

115 1636 205 1699 cordi
225 1643 328 1714 esset,
354 1636 386 1699 id
409 1636 532 1718 duplici
552 1637 648 1699 modo
675 1635 805 1700 efficere
826 1644 1018 1720 potuerunt.
1064 1639 1135 1699 Aut
1160 1636 1246 1699 enim
1268 1640 1404 1735 mythos

114 1755 308 1818 Homericos
324 1754 553 1838 physiologice
570 1755 733 1837 explicare
750 1756 931 1819 studebant
947 1777 984 1818 eo
1003 1755 1156 1834 consilio,
1177 1755 1295 1819 utiam
1311 1764 1403 1820 vcta·

114 1895 165 1937 res
181 1881 297 1957 poetas
314 1874 437 1952 eadem,
456 1896 538 1957 quae
549 1874 776 1958 philosophos,
795 1874 945 1938 docuisse
956 1873 1144 1937 hominibus
1154 1876 1401 1958 persuaderent.

115 1993 263 2057 Quorum
279 1994 650 2076 Allegoretarumgrex
668 1993 860 2076 neutiquam
880 1994 1022 2057 recentis
1043 2002 1094 2058 est
1116 1994 1286 2077 originis*
1333 1999 1404 2057 Aut

113 2111 184 2195 ipsa
205 2112 639 2196 philosophorumqinventa
665 2113 716 2176 vel
741 2112 835 2175 novis
861 2112 922 2176 diis
947 2113 1155 2176 adst-ruendis
1180 2114 1234 2176 vel
1258 2113 1404 2197 antiquis

114 2231 235 2294 fabulis
252 2231 420 2295 mutandis
442 2240 476 2296 et
491 2232 663 2295 flectendis
679 2232 924 2316 mythologice,
945 2240 984 2295 ut
1003 2231 1051 2295 ita
1067 2232 1188 2310 dicam,
1212 2233 1348 2296 reddere
1370 2240 1404 2296 et

115 2350 237 2413 imitari
258 2351 367 2414 conati
384 2360 472 2414 sunt.
520 2352 612 2415 Quae
635 2358 722 2414 artes
745 2373 819 2413 oum
839 2374 904 2414 non
920 2373 1010 2415 rarae
1027 2352 1094 2414 sint
1110 2373 1183 2414 cum
1204 2352 1238 2415 in
1258 2351 1404 2435 ipsorum

116 2469 388 2554 philosophorum
404 2470 535 2553 scriptis
551 2492 617 2533 nou
632 2469 739 2532 minus
750 2493 847 2553 qnam
863 2477 1035 2554 poetarum
1051 2478 1156 2534 metro
1173 2470 1303 2535 heroico
1316 2493 1404 2534 com·

115 2588 243 2672 positis,
260 2596 333 2652 tum
343 2589 377 2651 in
393 2611 504 2653 eorum
520 2589 643 2667 libris,³
664 2612 745 2672 quos
756 2599 932 2676 μεμιγμένους
941 2598 1039 2653 vocat
1049 2589 1261 2668 Aristotcles,
1279 2590 1403 2669 nescio,

117 2730 172 2771 cur
189 2708 336 2791 ejusdem
351 2709 509 2792 temporis
525 2708 676 2791 theologi
692 2716 726 2772 et
741 2710 878 2791 poetae⁴
896 2710 936 2772 ab
953 2708 1085 2772 illorum
1103 2709 1341 2773 consuetudine
1357 2709 1404 2772 ita

115 2827 292 2891 revocandi
308 2828 384 2905 sint,
403 2835 441 2890 ut
456 2828 656 2891 nullomodo
668 2827 790 2890 fabulis
807 2827 873 2890 suis
890 2827 1015 2911 aliquid
1025 2828 1195 2893 doctrinae
1206 2828 1403 2912 panthcisti·

117 2968 173 3010 cae
199 2947 378 3011 admiscere
399 2947 585 3030 potuerint,
611 2947 804 3030 praesertim
830 2969 901 3009 oum
925 2947 1023 3010 multi
1044 2947 1106 3012 viri
1125 2948 1234 3011 docti⁵
1260 2969 1404 3012 asserere

102 3065 287 3144 dubitent,
314 3065 439 3144 omnia,
467 3088 549 3148 quae
572 3066 612 3129 de
636 3064 855 3149 Orphicorum
875 3088 1098 3130 macrocosmo
1123 3075 1158 3131 et
1178 3067 1406 3151 psychogonia

116 3185 305 3263 tradantur,
328 3206 399 3247 sero
416 3184 547 3248 demum
569 3186 712 3249 conficta
734 3207 815 3249 esse.
862 3186 981 3268 ltaque
997 3194 1132 3270 propter
1147 3185 1403 3270 pantheismum,

187 3457 304 3510 ¹Accrh.
322 3463 424 3527 froym.
447 3463 486 3512 ed.
507 3463 635 3526 Diodorf,
654 3465 713 3509 295.
749 3461 804 3509 Alii
827 3461 885 3510 illos
909 3476 996 3511 versus
1021 3462 1053 3510 eb
1077 3462 1256 3526 Euphorione,
1281 3462 1404 3525 Aeschyli

116 3545 177 3607 filio,
199 3547 308 3608 scriptos
327 3561 384 3595 esse
403 3547 627 3612 suspicantur-cf.
648 3545 804 3606 Gerhard,
825 3548 843 3597 l.
864 3565 886 3597 c.
903 3564 932 3611 p.
953 3551 984 3595 62
1005 3547 1039 3596 Ν.
1060 3552 1101 3596 87.

185 3627 255 3679 ²cf.
274 3632 336 3696 syl.
353 3649 383 3696 p.
407 3636 452 3680 155
466 3649 514 3696 sq„
530 3650 559 3697 p.
581 3637 640 3681 609.

185 3712 255 3764 ³cf.
275 3716 439 3779 Empedoclis
464 3725 490 3767 ct
507 3718 666 3766 Parmenidis
690 3717 833 3782 fragmenta
856 3728 881 3768 et
905 3734 971 3782 quae
995 3719 1026 3768 de
1044 3719 1209 3782 Pherckydis,
1232 3718 1403 3781 Epimenidis‚

117 3801 236 3849 Akusilai
256 3801 377 3850 doctrinis
395 3803 469 3851 nobis
488 3804 580 3852 tradita
598 3812 665 3854 sunt.

186 3882 256 3937 “Cs.
290 3888 354 3936 illud
382 3888 522 3951 Terpandri
552 3891 719 3953 spondiacum
747 3890 915 3953 (Ritschl’s
944 3891 1035 3940 Kleine
1063 3890 1248 3955 philoloyische
1273 3891 1405 3955 Schriften

118 3972 235 4037 (Leipzig
256 3973 341 4036 1866),
362 3974 384 4032 Ι,
404 3978 463 4023 272.

545 4056 598 4111 Ζεῦ
617 4059 718 4111 πάντων
737 4059 815 4131 ἀρχὰ,
835 4061 936 4113 πάντων

546 4144 650 4216 ἀμήτωρ
669 4143 732 4205 Ζεῦ,
753 4146 790 4197 σοὶ
808 4146 910 4214 πέμπω,

544 4230 639 4282 τούτοιν
658 4229 727 4294 (τὰν)
748 4228 833 4298 ὕμνων
852 4231 944 4303 ἀρχάν.

186 4312 196 4340 ⁵
214 4315 362 4375 Lobeck,
388 4317 449 4381 Ayl.
465 4334 495 4382 p.
516 4321 625 4383 908sq.,
639 4335 669 4382 p.
692 4321 753 4378 7463
779 4317 965 4380 Bernhardy
984 4319 1003 4368 l.
1023 4336 1045 4368 ο.
1066 4320 1106 4377 II,
1125 4317 1145 4379 I,
1165 4322 1224 4368 429.
1244 4317 1404 4381 Naegels-

117 4400 209 4459 bach,
223 4402 274 4449 Dc'e
285 4403 501 4452 aucthomerisrlre
516 4403 648 4467 Theoloyr'e
660 4405 704 4453 des
714 4405 810 4467 grisoli.
830 4405 1029 4468 Volksyloudeas
1042 4404 1188 4468 (Ndrnbery
1204 4401 1289 4464 1857),
1298 4420 1328 4467 p.
1343 4408 1402 4452 403.
