3038 4988
782 254 822 315 68

716 340 886 348 .-

162 461 302 518 mortem
317 454 428 518 futura
440 454 516 516 inde
530 455 570 517 ab
584 453 689 516 Iliade
701 477 803 537 usque
819 455 860 518 ad
874 453 1003 518 Solonis
1016 459 1050 516 et
1063 453 1347 517 Pisistratidarum
1358 461 1443 518 tem·

159 596 249 657 pora,
261 573 401 637 fortasse
412 573 459 636 ita
466 573 731 657 respondendum
741 581 803 637 est.
821 572 975 637 lulliade
986 580 1019 636 et
1026 573 1264 656 antiquissimis
1272 574 1444 656 Odysseae

159 692 252 757 libris
263 715 375 756 omnes
391 693 517 757 animae
528 700 605 777 post
616 701 755 756 mortem
771 693 804 757 in
816 693 895 757 Orci
905 694 1037 756 domum
1048 693 1185 757 veniunt
1200 693 1311 776 ibique
1327 715 1443 756 omnes

159 814 295 876 eandem
312 813 460 876 tristem¹
478 813 622 876 subeunt
633 813 870 876 condicionem.
895 815 1077 896 Postquam
1093 819 1204 876 autem
1218 813 1284 876 iam
1301 819 1444 876 exeunte

160 939 270 996 aetate
286 932 480 996 Homerioa²
498 932 615 996 Graeci
632 933 671 996 de
687 934 784 996 rebus
801 933 952 996 humanis
973 940 1007 995 et
1029 932 1147 995 divinis
1168 932 1275 1016 magis
1290 931 1445 995 meditari

161 1060 411 1132 consueverunt,
435 1052 574 1135 primum
591 1053 739 1135 iniquum
754 1053 938 1133 videbatur,
961 1052 990 1114 si
1010 1053 1089 1115 ius'ti
1106 1059 1140 1116 et
1155 1051 1269 1115 iniusti
1283 1051 1356 1135 pari
1371 1073 1444 1136 pre-

159 1179 325 1235 merentur
341 1172 375 1234 in
386 1172 472 1235 Orco
486 1171 627 1236 miseria.
653 1173 772 1255 Itaque
783 1173 934 1235 Menelao
947 1178 1074 1242 Ἠλύσιον
1088 1179 1180 1241 πεδίον
1195 1172 1312 1256 (Odys.
1325 1176 1357 1250 4,
1370 1173 1443 1255 563)

160 1293 221 1355 sub
232 1291 479 1354 Rhadamanthi
494 1290 628 1376 imperio
645 1291 862 1376 promittitur,
880 1314 957 1354 mox
971 1313 1046 1355 vero
1064 1292 1215 1354 omnibus
1232 1296 1266 1354 et
1276 1290 1444 1354 Thebanis

161 1419 195 1474 et
205 1411 353 1494 Trojanis
370 1411 524 1475 heroibus
540 1421 671 1498 μακάρων
684 1422 758 1498 νήσω
774 1435 791 1474 a
808 1413 949 1474 Saturno
966 1433 1044 1494 rege
1060 1410 1310 1474 administratae
1327 1394 1459 1474 conce-¹

161 1531 314 1594 duntur.⁸
353 1531 478 1594 Contra
494 1530 627 1613 quidam
642 1530 792 1594 homines
808 1530 982 1614 insigniter
998 1530 1132 1602 scelesti
1146 1530 1288 1614 primum
1304 1529 1339 1593 in
1356 1530 1443 1593 Orco

160 1651 276 1734 (Odys.
295 1654 346 1728 ll,
371 1653 431 1713 565
449 1652 522 1732 sq.),
542 1649 659 1713 deinde
674 1649 709 1712 in
725 1650 872 1729 Tartara,
897 1650 951 1733 qui
968 1649 1196 1732 antiquissimo
1211 1656 1362 1733 tempore
1377 1671 1445 1712 non

158 1769 222 1831 nisi
238 1768 391 1832 Titanum
413 1791 522 1832 career
543 1769 744 1848 habebatur,
767 1791 889 1853 poenas
911 1767 1153 1833 crudelissimas
1175 1762 1265 1832 luere
1288 1767 1444 1832 dicuntur

160 1889 268 1971 (Plato
285 1889 419 1952 Phaedo
435 1914 468 1974 p.
487 1893 548 1954 113
565 1890 592 1952 E
600 1915 608 1965 ;
633 1889 735 1972 Gorg.
753 1913 784 1973 p.
801 1893 861 1953 596
877 1890 905 1951 Β
922 1890 1000 1952 coll.
1017 1891 1099 1973 Rep.
1116 1889 1158 1967 X,
1178 1893 1239 1953 615
1254 1887 1312 1974 Β).
1361 1889 1444 1951 Cum

159 2007 261 2090 igitur
281 2008 329 2071 ita
351 2008 456 2091 magis
476 2009 647 2091 'magisque
670 2008 778 2092 opinio
799 2009 1071 2095 percrebruisset,
1097 2015 1174 2092 post
1194 2007 1298 2072 vitam
1319 2007 1444 2071 animas

159 2128 213 2190 vel
228 2127 341 2212 poenis
358 2129 410 2191 vel
427 2127 579 2211 praemiis
602 2129 756 2191 affectum
778 2128 834 2207 iri,
857 2128 928 2192 fieri
948 2127 1013 2191 non
1034 2127 1160 2213 potuit,
1183 2127 1262 2211 quin
1280 2126 1442 2205 homines,

160 2246 322 2329 quomodo
354 2246 429 2309 illas
461 2249 620 2329 effugere,
652 2250 733 2311 haec
764 2247 901 2331 adipisci
930 2256 1083 2332 possent,
1113 2246 1208 2311 anxie
1236 2251 1442 2330 quaererent.

160 2365 446 2429 Quemadmodum
468 2373 580 2429 autem
601 2375 729 2430 veteres
751 2367 842 2446 Indi,
865 2375 1039 2451 postquam
1061 2367 1137 2431 inde
1158 2368 1199 2430 ab
1216 2365 1357 2430 heroicis
1377 2364 1444 2429 suis

159 2485 363 2569 temporibus
386 2485 454 2550 fere
475 2487 607 2550 eosdem
628 2509 709 2570 quos
726 2487 845 2550 Graeci
865 2487 1035 2571 religionis
1057 2487 1179 2570 gradus
1201 2491 1443 2571 percurrerunt,

161 2627 201 2668 ex
220 2627 306 2669 nova
326 2606 548 2690 pantheistioa
565 2607 713 2670 doctrina
734 2607 773 2670 de
790 2608 932 2670 Brahma
954 2607 987 2670 in
1009 2607 1190 2671 animarum
1212 2604 1445 2688 migrationem

161 2723 378 2805 inciderunt,⁴
402 2727 447 2788 sic
465 2726 564 2789 etiam
581 2727 709 2805 Graeci,
727 2734 902 2810 postquam
920 2728 940 2789 J
942 2749 1037 2790 ovem
1052 2727 1157 2789 totius
1173 2724 1287 2789 mundi
1303 2724 1445 2788 animam

162 2865 233 2907 esse
255 2844 508 2924 intellexerunt,
530 2846 627 2910 facile
647 2868 684 2909 eo
700 2846 855 2931 progredi
870 2852 1067 2929 potuerunt,
1091 2854 1129 2909 ut
1145 2844 1243 2910 sicuti
1265 2866 1379 2908 omnes
1395 2865 1445 2907 res

232 3133 241 3165 ¹
259 3139 469 3202 Niigelsbach,
490 3140 566 3189 Hom.
588 3140 677 3189 Theoi.
694 3157 723 3203 p.
744 3143 801 3197 380,
821 3141 880 3188 397.

230 3220 301 3272 ²0f.
320 3225 511 3288 gnomologiam
536 3225 562 3272 in
582 3224 712 3288 Odysseae
729 3225 803 3273 libris
821 3225 956 3288 postremis
975 3225 1143 3287 conspicuam
1162 3223 1358 3288 (Bernhardy
1382 3223 1402 3273 l.
1422 3239 1444 3272 c.

158 3325 188 3373 p.
210 3314 266 3367 146,
289 3309 355 3374 rar).

231 3389 381 3445 31111.Έ.
405 3412 430 3445 κ.
447 3390 490 3446 Ἡ.
515 3413 539 3445 ο.
567 3400 628 3456 169,
653 3395 686 3443 cf.
711 3397 788 3445 Piad.
811 3396 852 3444 Ol.
872 3395 911 3452 II,
939 3396 985 3442 127
1011 3412 1057 3460 aq·
1075 3403 1100 3444 et
1120 3403 1191 3444 vetus
1214 3394 1278 3442 illud
1304 3391 1446 3442 Callistrati

163 3479 271 3527 aeolium
290 3480 395 3542 (Athea.
415 3481 493 3539 XIV,
512 3485 560 3528 695
579 3480 632 3544 B):

514 3561 620 3615 (lllhrull'
636 3561 761 3636 ‘Appo'ht’,
781 3561 810 3616 οὔ
829 3563 853 3615 τί
871 3582 918 3616 που
937 3562 1073 3635 τέθνηκας·

513 3649 597 3719 νήσοις
616 3646 636 3701 δ’
655 3651 682 3702 ἐν
700 3650 824 3722 μακάρων
842 3650 870 3702 σέ
888 3669 961 3722 φασιν
979 3648 1053 3710 εἶναι,

513 3733 555 3785 ἵνα
573 3754 620 3807 περ
638 3735 760 3805 ποδώκης
775 3731 905 3807 Ἀχιλεύς,

515 3817 642 3891 Τυδεΐδην
659 3823 688 3873 τέ
706 3840 781 3893 φασιν
799 3819 890 3873 ἐσθλὸν
908 3817 1048 3891 Διομήδεα.

165 3903 194 3952 In
214 3903 312 3952 duabus
331 3903 462 3968 Odysseae
480 3903 589 3963 νεκυίαις
606 3907 696 3955 harum
719 3909 861 3956 insularum
878 3907 949 3955 nulla
967 3906 995 3954 iit
1012 3907 1116 3968 mentio,
1141 3907 1186 3955 sed
1204 3921 1302 3966 omnes,
1326 3906 1371 3969 qui
1388 3911 1447 3954 anta

165 3988 269 4051 Trojam
281 3999 464 4054 pugnaverant,
485 3992 568 4042 adhuc
580 3992 708 4056 finguntur
725 3979 848 4041 unacum
867 3993 958 4042 ceteris
971 3993 1105 4041 animabus
1123 3993 1151 4040 in
1164 3991 1231 4041 Orco
1250 4005 1315 4040 esse.
1348 3989 1447 4050 Quodsi

164 4075 250 4123 locum
271 4077 346 4142 Odys.
373 4080 577 4137 11,565-627
603 4080 714 4139 eximas,
739 4079 784 4141 qui
808 4079 920 4142 apertius
945 4077 1047 4126 serioris
1072 4077 1177 4140 originis
1202 4077 1327 4139 quaedam
1352 4075 1448 4124 indicia

164 4162 295 4223 praebeat,
314 4165 411 4223 nescio,
430 4180 463 4212 an
481 4179 534 4213 non
551 4164 647 4215 νὲκυῑαι
664 4180 717 4213 non
736 4165 819 4214 solum
837 4164 943 4212 Hesiodi
964 4161 1099 4226 Operibus,
1120 4163 1165 4210 sed
1184 4162 1261 4210 etiam
1279 4161 1365 4209 Protei
1384 4161 1447 4209 vati-

166 4247 233 4295 cinio
258 4249 349 4314 (Odys.
369 4255 393 4312 4,
415 4255 463 4298 554
482 4250 533 4314 aq.)
558 4252 715 4313 antiquiores
739 4251 799 4300 sint.
834 4249 986 4312 Nequedum
1008 4249 1107 4297 Erebus
1131 4249 1163 4296 ad
1182 4248 1330 4308 Tartarum,
1356 4244 1448 4295 Croni·

166 4333 255 4382 darum
273 4350 410 4398 carcerem,
430 4337 609 4400 aequiparatur
627 4336 718 4403 (Odys.
734 4343 774 4398 11,
788 4340 831 4398 37,
846 4335 917 4400 564),
937 4335 1013 4385 sicuti
1031 4335 1059 4384 fit
1076 4335 1103 4383 in
1115 4335 1224 4384 Hesiodi
1238 4334 1329 4397 rteoy.
1348 4350 1373 4382 ο.
1388 4336 1446 4380 669.

234 4415 424 4482 411111111,
447 4425 537 4473 suot.
556 4424 717 4474 1111111111.
736 4425 777 4483 Η,
796 4428 828 4474 ra
845 4439 883 4488 11.
1169 4411 1172 4416 ’
