3038 4988
773 235 815 294 tt

148 434 270 518 pariter
286 434 487 498 mentionem
503 434 599 513 facit,
623 458 703 518 quos
721 436 761 499 de
778 435 908 498 Amoris
929 435 1055 519 origine
1071 437 1181 519 aliqua
1195 437 1380 520 prodidisse
1397 459 1437 501 ex

149 553 296 618 versibus
319 553 440 637 colligo
463 556 504 618 ab
527 555 642 619 eodem
665 556 824 639 scriptore
845 555 879 618 in
895 556 1045 619 Phaedro
1063 559 1105 640 (p.
1125 560 1186 621 252
1203 556 1241 640 C)
1258 556 1433 640 appositis:

429 676 472 726 τὸν
491 672 510 727 δ’
529 674 587 744 ἤτοι
604 673 694 746 θνητοὶ
713 676 761 744 μὲν
772 671 879 747 Ἔρωτα
896 675 1004 728 καλοῦσι
1021 676 1139 747 ποτηνόν,

430 776 553 830 ἀθάνατοι
572 777 600 830 δὲ
620 775 745 851 11τέρωτοι
764 777 805 830 διὰ
823 778 986 850 πτερόφοιτον
1004 777 1145 850 οἰνοὶγιιην.1

145 877 284 941 Maximi
299 879 386 961 apud
402 901 453 942 me
469 878 630 943 momenti
646 887 713 958 est,
737 879 824 962 quod
840 886 970 963 praeter
985 880 1171 944 Eudemum
1187 880 1287 943 etiam
1304 880 1434 945 Aristo·

144 997 229 1059 teles
249 998 340 1061 nullo
357 999 664 1083 Metaphysicorum
685 1000 758 1062 loco
780 998 923 1082 aliquam
943 1000 1176 1082 theologorum
1192 999 1376 1064 doctrinam
1393 1001 1432 1064 de

143 1117 292 1180 Phanote
309 1126 555 1181 commemorat.
584 1119 729 1181 Primum
747 1119 833 1182 enim
849 1141 916 1181 non
931 1118 1018 1182 sicut
1034 1120 1131 1182 Plato
1148 1141 1226 1182 casu
1242 1126 1276 1182 et
1291 1119 1434 1184 fortuitu

144 1235 198 1298 hic
214 1235 282 1299 illic
299 1237 438 1300 aliorum
454 1238 650 1321 scriptorum
667 1237 790 1321 placita
807 1237 946 1301 orationi
967 1237 1146 1302 admiscere
1163 1239 1265 1316 solet,
1289 1238 1348 1301 sed
1364 1238 1431 1302 fere

143 1377 270 1438 semper
299 1357 527 1439 praeeuntium
552 1358 823 1443 philosophorum
855 1359 894 1422 de
921 1357 1069 1441 qualibet
1093 1356 1230 1420 materia
1254 1366 1432 1442 praecepta

140 1483 301 1554 recenset,
319 1476 509 1559 priusquam
524 1476 594 1560 ipse
611 1478 738 1561 aporiae
756 1478 880 1541 diluere
896 1476 1100 1560 aggreditur.
1136 1476 1201 1538 Vix
1216 1476 1318 1560 igitur
1335 1477 1430 1541 dubi-

141 1595 278 1657 tandum
296 1602 357 1673 est,
376 1595 454 1678 quin
471 1580 631 1678 ejusmodi
651 1597 743 1676 lociS,
762 1598 876 1680 quales
893 1602 970 1660 sunt
986 1597 1070 1659 Met.
1088 1596 1116 1673 I,
1134 1601 1154 1659 t
1170 1619 1202 1679 p.
1215 1598 1309 1661 autb
1327 1601 1366 1661 23
1378 1621 1427 1681 sq.

140 1719 318 1783 ὑποπτεύσειε
340 1721 359 1783 δ’
383 1722 414 1784 ἄν
428 1747 466 1790 τις
476 1722 604 1784 Ἡσίοδον
618 1731 723 1804 πρῶτον
739 1729 853 1803 ζητῆσαι
872 1726 903 1785 τὸ
917 1729 1037 1785 τοιοῦτον
1051 1724 1101 1784 κᾶν
1122 1723 1151 1784 εἷ’
1158 1749 1196 1791 τις
1211 1724 1291 1792 ἄλλος
1306 1725 1396 1804 ἔρωτα
1410 1727 1428 1804 ἢ

138 1840 279 1918 ἐπιθυμίαν
299 1844 325 1901 ἐν
338 1845 392 1909 τοῖς
406 1840 478 1903 οὖσιν
493 1843 592 1920 ἔθηκεν
612 1847 649 1910 ὡς
664 1845 764 1926 ἀρχήν,
785 1845 839 1905 οἷον
853 1844 898 1904 καὶ
913 1843 1082 1922 Παρμενίδης
1096 1848 1153 1904 κτλ.
1173 1836 1226 1899 vel
1242 1836 1326 1898 XIV
1348 1858 1377 1899 0·
1395 1842 1426 1915 4,

138 1950 195 2012 ubi
210 1953 386 2036 theologos
407 1962 441 2016 et
456 1962 573 2036 poetas
589 1977 655 2017 non
675 1956 715 2017 ab
734 1955 858 2037 optimo
875 1954 1004 2018 initium
1020 1954 1139 2033 facere,
1162 1977 1217 2018 eos
1234 1977 1322 2033 vero,
1345 1977 1427 2038 quos

138 2081 314 2157 μεμιγμένους
323 2080 432 2151 vocat,
444 2072 550 2136 veluti
559 2073 794 2157 Pherecydem,
806 2075 936 2156 Magos,
950 2072 1067 2137 deinde
1079 2073 1179 2138 etiam
1189 2075 1427 2157 Empedoclem

139 2196 172 2251 et
191 2192 425 2274 Anaxagoram
444 2202 474 2260 τὸ
489 2207 615 2280 γεννῆσαν
634 2209 740 2280 πρῶτον
755 2201 860 2280 ἄριστον
880 2214 1001 2276 ponere
1018 2192 1114 2271 dicit,
1139 2193 1237 2256 etiam
1256 2194 1426 2277 Orpheum

138 2289 378 2388 arcessivisset‚
403 2311 430 2373 si
455 2313 526 2396 ejus
547 2312 742 2395 singularis²
764 2311 933 2376 doctrinae
956 2313 995 2376 de
1018 2314 1139 2375 mundo
1161 2334 1219 2396 per
1240 2314 1426 2376 Phanetem

137 2429 190 2490 vel
201 2431 357 2493 Amorem
369 2430 501 2493 condito
513 2438 547 2494 et
557 2439 673 2513 postea
685 2438 912 2495 consummato
923 2431 1077 2496 notitiam
1087 2432 1270 2496 habuisset.
1296 2431 1425 2496 Deinde

137 2570 213 2611 vero
230 2549 324 2612 nobis
342 2572 405 2612 non
423 2549 509 2612 sicut
526 2550 598 2612 aliis
614 2550 804 2634 responderi
814 2550 904 2628 lieet,
924 2550 1141 2614 Aristotelem
1151 2559 1326 2635 propterea
1341 2551 1425 2615 nihil

137 2668 177 2731 de
195 2669 344 2732 Phanete
364 2669 472 2750 loqui,
495 2670 584 2751 quod
605 2691 676 2733 eam
693 2670 871 2753 Orphicam
892 2670 1123 2752 theogeniam,
1148 2694 1212 2753 qua
1227 2672 1324 2734 Plato
1345 2694 1424 2734 usus

136 2788 180 2850 sit
196 2796 230 2852 et
246 2788 279 2851 in
296 2811 359 2872 qua
376 2789 446 2852 sola
461 2790 501 2852 de
517 2788 575 2851 illo
593 2811 698 2852 sermo
715 2788 826 2867 fuerit,
845 2789 976 2852 omnino
993 2812 1060 2852 non
1073 2789 1242 2872 cognitam
1258 2790 1422 2854 habuerit.

136 2909 241 2990 Supra
251 2907 337 2971 enim
348 2908 429 2971 satis
441 2910 670 2990 comprobasse
681 2908 762 2971 mihi
771 2908 895 2986 videor,
914 2909 1051 2972 eandem
1062 2917 1096 2972 et
1105 2910 1239 2974 Platoni
1249 2917 1283 2973 et
1294 2909 1423 2973 Aristo·

135 3027 195 3090 teli
215 3027 330 3090 tritam
350 3027 452 3090 fuisse
474 3027 679 3110 theologiam
702 3027 837 3111 Orphei.
886 3028 920 3090 Si
944 3027 1046 3110 igitur
1070 3028 1152 3091 nihil
1177 3028 1283 3107 aliud,
1310 3028 1424 3093 favent

136 3147 255 3209 saltem
272 3146 433 3229 ejusmodi
449 3154 643 3229 argumenta
660 3168 676 3210 e
693 3146 825 3210 silentio
836 3145 943 3230 petita
957 3146 1035 3225 illis,
1054 3170 1136 3230 quae
1153 3157 1250 3212 antea
1267 3170 1306 3212 ex
1321 3148 1422 3235 scrip·

134 3273 244 3329 torum
259 3266 353 3344 lociS,
372 3265 489 3349 quibus
505 3267 635 3330 Phanes
653 3272 937 3344 commemoratur,
955 3266 1034 3329 solis
1052 3289 1162 3331 eruere
1179 3267 1377 3332 studuimus·

221 3388 306 3449 Sunt
327 3393 439 3449 autem
459 3385 543 3448 alius
561 3407 690 3468 quoque
712 3383 842 3468 generis
865 3392 1075 3468 argumenta,
1098 3387 1217 3469 quibus
1233 3410 1273 3451 ne
1289 3395 1422 3451 tantum

135 3505 267 3587 quidem
277 3504 446 3588 impetrari
457 3505 685 3569 concesserim.
707 3504 853 3568 Primum
863 3505 967 3588 ajunt,
982 3506 1202 3569 theocrasiam
1212 3506 1246 3570 in
1256 3507 1421 3590 fragmen·

203 3709 212 3739 ¹
230 3712 270 3761 Ita
281 3713 406 3762 Zellero
424 3713 579 3776 respondere
597 3712 686 3761 malim
704 3727 780 3774 quam
799 3726 858 3761 cum
875 3712 1045 3762 Lobeckio
1065 3713 1140 3779 (Agl.
1151 3732 1180 3780 p.
1196 3720 1244 3764 529
1258 3714 1315 3778 ni),
1334 3715 1421 3765 Plato-

134 3812 193 3847 nem
205 3805 230 3846 et
241 3798 408 3847 Aristotelem
421 3797 519 3861 Orphei
537 3797 687 3860 suffragium
704 3804 827 3860 tanquam
845 3799 984 3862 depontani
1002 3800 1136 3861 cujusdam
1151 3802 1307 3864 repudiasse.
1332 3800 1420 3865 Ipsum

135 3882 266 3947 Orpheum
290 3883 358 3931 enim
382 3883 486 3931 minime
510 3882 626 3931 deridere
649 3883 748 3931 videtur
772 3882 844 3932 Plato
869 3885 936 3933 sicut
958 3883 1210 3949 Orpheotclestarum
1232 3901 1349 3951 gregem,
1375 3889 1419 3936 sed

135 3983 193 4018 eum
217 3983 268 4017 non
290 3969 376 4016 minus
400 3983 477 4030 quam
499 3967 639 4016 Homerum
657 3976 682 4018 et
700 3969 842 4018 Hesiodum
864 3970 930 4019 inter
949 3969 1043 4020 Graeci
1065 3973 1155 4036 populi
1179 3983 1358 4036 praeceptores
1381 3988 1419 4023 re-

134 4069 238 4103 censere
258 4055 330 4113 solet,
350 4052 384 4102 cf.
403 4051 548 4102 Gerhard
568 4054 586 4102 l.
607 4072 629 4103 e.
645 4072 675 4119 p.
696 4059 710 4102 9
731 4065 798 4120 etp.
819 4060 852 4103 44
871 4056 905 4105 N.
926 4061 950 4105 6.
972 4084 1000 4092 -
1022 4056 1142 4107 Ceterum
1166 4060 1224 4108 illos
1249 4061 1312 4108 duos
1330 4073 1418 4108 versus

133 4154 185 4188 non
204 4154 219 4188 a
238 4137 344 4188 Socrate
362 4139 434 4187 fictos
454 4154 519 4200 esse,
538 4139 603 4189 bene
621 4140 712 4203 probet
729 4140 917 4189 Lobeekius
935 4142 998 4205 Api.
1013 4160 1043 4207 p.
1064 4148 1122 4191 861.

202 4222 308 4275 ⁹Solus
333 4226 401 4274 enim
420 4223 538 4289 Orpheus
563 4225 629 4275 inter
650 4233 748 4275 veteres
770 4233 860 4289 poetas
884 4233 909 4274 et
930 4227 1064 4290 theologos
1090 4229 1111 4277 si
1129 4244 1181 4294 non
1200 4231 1325 4294 optimum
1343 4231 1419 4278 deum

135 4312 169 4376 (is
188 4311 256 4360 enim
273 4311 376 4374 Jupiter
395 4312 453 4375 est),
476 4319 561 4360 tamen
585 4312 717 4361 meliorem
735 4318 761 4360 et
779 4311 978 4374 splendidiorem
1000 4312 1032 4361 ab
1055 4314 1130 4363 initio
1147 4317 1284 4378 posuisset,
1305 4331 1382 4379 quam
1399 4317 1418 4364 ii

133 4405 228 4460 essent,
248 4398 290 4459 qui
310 4412 367 4446 eum
387 4397 609 4460 subsequerentur.
