<?xml version="1.0" encoding="UTF-8"?>
<!DOCTYPE html PUBLIC "-//W3C//DTD XHTML 1.0 Transitional//EN"
    "http://www.w3.org/TR/xhtml1/DTD/xhtml1-transitional.dtd">
<html xmlns="http://www.w3.org/1999/xhtml" xml:lang="en" lang="en">
 <head>
  <title>
</title>
<meta http-equiv="Content-Type" content="text/html;charset=utf-8" />
  <meta name='ocr-system' content='tesseract 3.04.00' />
  <meta name='ocr-capabilities' content='ocr_page ocr_carea ocr_par ocr_line ocrx_word'/>
</head>
<body>
  <div class='ocr_page' id='page_1' title='image "./deveterisorphic01schugoog_0082.png"; bbox 0 0 3038 4988; ppageno 0'>
   <div class='ocr_carea' id='block_1_1' title="bbox 672 230 841 329">
    <p class='ocr_par' dir='ltr' id='par_1_1' title="bbox 672 230 841 329">
     <span class='ocr_line' id='line_1_1' title="bbox 672 230 841 329; baseline 0 -37"><span class='ocrx_word' id='word_1_1' title='bbox 672 230 841 329; x_wconf 36' lang='lat' dir='ltr'>*ra*</span> 
     </span>
    </p>
   </div>
   <div class='ocr_carea' id='block_1_2' title="bbox 118 431 1401 1473">
    <p class='ocr_par' dir='ltr' id='par_1_2' title="bbox 118 431 1401 1473">
     <span class='ocr_line' id='line_1_2' title="bbox 120 431 1397 515; baseline -0.002 -18"><span class='ocrx_word' id='word_1_2' title='bbox 120 434 270 498; x_wconf 79' lang='lat' dir='ltr'><strong>carminis</strong></span> <span class='ocrx_word' id='word_1_3' title='bbox 288 456 352 498; x_wconf 93' lang='lat' dir='ltr'>non</span> <span class='ocrx_word' id='word_1_4' title='bbox 368 434 455 498; x_wconf 91' lang='lat' dir='ltr'>sicut</span> <span class='ocrx_word' id='word_1_5' title='bbox 470 434 511 498; x_wconf 87' lang='lat' dir='ltr'>ab</span> <span class='ocrx_word' id='word_1_6' title='bbox 527 434 671 496; x_wconf 88' lang='lat' dir='ltr'>Homero</span> <span class='ocrx_word' id='word_1_7' title='bbox 689 438 723 496; x_wconf 91' lang='lat' dir='ltr'>et</span> <span class='ocrx_word' id='word_1_8' title='bbox 738 431 884 495; x_wconf 85' lang='lat' dir='ltr'>Hesiodo</span> <span class='ocrx_word' id='word_1_9' title='bbox 901 431 1099 515; x_wconf 89' lang='lat' dir='ltr'>descriptam</span> <span class='ocrx_word' id='word_1_10' title='bbox 1116 453 1187 495; x_wconf 87' lang='lat' dir='ltr'>esse</span> <span class='ocrx_word' id='word_1_11' title='bbox 1202 432 1397 495; x_wconf 82' lang='lat' dir='ltr'>horrendam</span> 
     </span>
     <span class='ocr_line' id='line_1_3' title="bbox 119 550 1398 637; baseline -0.004 -20"><span class='ocrx_word' id='word_1_12' title='bbox 119 561 322 617; x_wconf 91' lang='lat' dir='ltr'>mortuorum</span> <span class='ocrx_word' id='word_1_13' title='bbox 339 563 485 632; x_wconf 81' lang='grc' dir='ltr'>δέσποιναν,</span> <span class='ocrx_word' id='word_1_14' title='bbox 503 553 642 617; x_wconf 90' lang='lat' dir='ltr'>seduna</span> <span class='ocrx_word' id='word_1_15' title='bbox 658 574 732 614; x_wconf 93' lang='lat' dir='ltr'>cum</span> <span class='ocrx_word' id='word_1_16' title='bbox 745 553 887 615; x_wconf 90' lang='lat' dir='ltr'>Plutone</span> <span class='ocrx_word' id='word_1_17' title='bbox 904 551 997 614; x_wconf 88' lang='lat' dir='ltr'>deam</span> <span class='ocrx_word' id='word_1_18' title='bbox 1014 560 1150 637; x_wconf 84' lang='grc' dir='ltr'>μελίβοιαν</span> <span class='ocrx_word' id='word_1_19' title='bbox 1164 558 1199 614; x_wconf 90' lang='lat' dir='ltr'>et</span> <span class='ocrx_word' id='word_1_20' title='bbox 1213 550 1398 615; x_wconf 84' lang='lat' dir='ltr'>fertilitatis</span> 
     </span>
     <span class='ocr_line' id='line_1_4' title="bbox 118 669 1398 757; baseline -0.001 -22"><span class='ocrx_word' id='word_1_21' title='bbox 118 680 300 757; x_wconf 89' lang='lat' dir='ltr'>patronam.</span> <span class='ocrx_word' id='word_1_22' title='bbox 328 673 426 736; x_wconf 81' lang='lat' dir='ltr'>Quod</span> <span class='ocrx_word' id='word_1_23' title='bbox 443 672 470 734; x_wconf 91' lang='lat' dir='ltr'>si</span> <span class='ocrx_word' id='word_1_24' title='bbox 485 672 533 736; x_wconf 89' lang='lat' dir='ltr'>ita</span> <span class='ocrx_word' id='word_1_25' title='bbox 549 678 612 749; x_wconf 90' lang='lat' dir='ltr'>est,</span> <span class='ocrx_word' id='word_1_26' title='bbox 633 671 732 734; x_wconf 86' lang='lat' dir='ltr'>etiam</span> <span class='ocrx_word' id='word_1_27' title='bbox 749 669 917 733; x_wconf 79' lang='lat' dir='ltr'>Eleusinia</span> <span class='ocrx_word' id='word_1_28' title='bbox 932 692 1024 734; x_wconf 89' lang='lat' dir='ltr'>sacra</span> <span class='ocrx_word' id='word_1_29' title='bbox 1040 669 1070 733; x_wconf 92' lang='lat' dir='ltr'>ei</span> <span class='ocrx_word' id='word_1_30' title='bbox 1084 693 1150 733; x_wconf 91' lang='lat' dir='ltr'>non</span> <span class='ocrx_word' id='word_1_31' title='bbox 1166 670 1282 752; x_wconf 87' lang='lat' dir='ltr'>ignota</span> <span class='ocrx_word' id='word_1_32' title='bbox 1296 670 1398 734; x_wconf 88' lang='lat' dir='ltr'>fuisse</span> 
     </span>
     <span class='ocr_line' id='line_1_5' title="bbox 119 772 1398 875; baseline -0.002 -20"><span class='ocrx_word' id='word_1_33' title='bbox 119 792 277 875; x_wconf 90' lang='lat' dir='ltr'>sequitur.</span> <span class='ocrx_word' id='word_1_34' title='bbox 304 793 377 855; x_wconf 91' lang='lat' dir='ltr'>Hoc</span> <span class='ocrx_word' id='word_1_35' title='bbox 393 799 502 854; x_wconf 90' lang='lat' dir='ltr'>autem</span> <span class='ocrx_word' id='word_1_36' title='bbox 520 792 597 854; x_wconf 91' lang='lat' dir='ltr'>dato</span> <span class='ocrx_word' id='word_1_37' title='bbox 614 791 794 854; x_wconf 91' lang='lat' dir='ltr'>secundum</span> <span class='ocrx_word' id='word_1_38' title='bbox 810 790 960 873; x_wconf 87' lang='lat' dir='ltr'>regulam</span> <span class='ocrx_word' id='word_1_39' title='bbox 975 789 1072 852; x_wconf 93' lang='lat' dir='ltr'>modo</span> <span class='ocrx_word' id='word_1_40' title='bbox 1089 772 1290 872; x_wconf 69' lang='lat' dir='ltr'>propositam</span> <span class='ocrx_word' id='word_1_41' title='bbox 1307 796 1398 853; x_wconf 89' lang='lat' dir='ltr'>aetas</span> 
     </span>
     <span class='ocr_line' id='line_1_6' title="bbox 120 908 1400 995; baseline -0.003 -21"><span class='ocrx_word' id='word_1_42' title='bbox 120 913 189 995; x_wconf 89' lang='lat' dir='ltr'>ejus</span> <span class='ocrx_word' id='word_1_43' title='bbox 209 913 373 974; x_wconf 75' lang='lat' dir='ltr'>recentior</span> <span class='ocrx_word' id='word_1_44' title='bbox 387 910 553 974; x_wconf 81' lang='lat' dir='ltr'>Hesiodea</span> <span class='ocrx_word' id='word_1_45' title='bbox 568 909 773 974; x_wconf 88' lang='lat' dir='ltr'>aestimanda</span> <span class='ocrx_word' id='word_1_46' title='bbox 788 909 861 972; x_wconf 89' lang='lat' dir='ltr'>erit.</span> <span class='ocrx_word' id='word_1_47' title='bbox 906 909 1025 991; x_wconf 86' lang='lat' dir='ltr'>Itaque</span> <span class='ocrx_word' id='word_1_48' title='bbox 1042 908 1203 972; x_wconf 91' lang='lat' dir='ltr'>Herodoti</span> <span class='ocrx_word' id='word_1_49' title='bbox 1219 909 1278 991; x_wconf 83' lang='lat' dir='ltr'>(II,</span> <span class='ocrx_word' id='word_1_50' title='bbox 1297 911 1348 991; x_wconf 88' lang='lat'>53)</span> <span class='ocrx_word' id='word_1_51' title='bbox 1365 915 1400 971; x_wconf 91' lang='lat' dir='ltr'>et</span> 
     </span>
     <span class='ocr_line' id='line_1_7' title="bbox 119 1027 1401 1111; baseline 0.004 -19"><span class='ocrx_word' id='word_1_52' title='bbox 119 1030 332 1093; x_wconf 88' lang='lat' dir='ltr'>Aristotelis¹</span> <span class='ocrx_word' id='word_1_53' title='bbox 365 1029 548 1093; x_wconf 88' lang='lat' dir='ltr'>sententiae</span> <span class='ocrx_word' id='word_1_54' title='bbox 578 1029 852 1094; x_wconf 88' lang='lat' dir='ltr'>subscribendum</span> <span class='ocrx_word' id='word_1_55' title='bbox 879 1035 960 1111; x_wconf 88' lang='lat' dir='ltr'>puto</span> <span class='ocrx_word' id='word_1_56' title='bbox 992 1027 1252 1091; x_wconf 76' lang='lat' dir='ltr'>existimantium</span> <span class='ocrx_word' id='word_1_57' title='bbox 1274 1033 1401 1096; x_wconf 85' lang='grc' dir='ltr'>Ἡσίοδον</span> 
     </span>
     <span class='ocr_line' id='line_1_8' title="bbox 118 1146 1401 1236; baseline -0.003 -18"><span class='ocrx_word' id='word_1_58' title='bbox 118 1146 164 1218; x_wconf 85' lang='grc' dir='ltr'>καί</span> <span class='ocrx_word' id='word_1_59' title='bbox 179 1155 302 1236; x_wconf 80' lang='grc' dir='ltr'>Ὅμηρον</span> <span class='ocrx_word' id='word_1_60' title='bbox 324 1157 385 1223; x_wconf 80' lang='grc' dir='ltr'>τοὺς</span> <span class='ocrx_word' id='word_1_61' title='bbox 407 1159 565 1235; x_wconf 78' lang='grc' dir='ltr'>ποιήσαντας</span> <span class='ocrx_word' id='word_1_62' title='bbox 587 1158 726 1235; x_wconf 80' lang='grc' dir='ltr'>θεογονίην</span> <span class='ocrx_word' id='word_1_63' title='bbox 749 1155 863 1234; x_wconf 81' lang='grc' dir='ltr'>Ἕλλησι</span> <span class='ocrx_word' id='word_1_64' title='bbox 888 1147 988 1210; x_wconf 73' lang='lat' dir='ltr'>fuisse</span> <span class='ocrx_word' id='word_1_65' title='bbox 1009 1155 1070 1221; x_wconf 81' lang='grc' dir='ltr'>τοὺς</span> <span class='ocrx_word' id='word_1_66' title='bbox 1091 1157 1121 1215; x_wconf 82' lang='grc' dir='ltr'>δὲ</span> <span class='ocrx_word' id='word_1_67' title='bbox 1143 1156 1272 1233; x_wconf 82' lang='grc' dir='ltr'>πρότερον</span> <span class='ocrx_word' id='word_1_68' title='bbox 1290 1154 1401 1232; x_wconf 77' lang='grc' dir='ltr'>ποιητὰς</span> 
     </span>
     <span class='ocr_line' id='line_1_9' title="bbox 119 1259 1398 1354; baseline -0.007 -18"><span class='ocrx_word' id='word_1_69' title='bbox 119 1277 274 1354; x_wconf 77' lang='grc' dir='ltr'>λεγομένους</span> <span class='ocrx_word' id='word_1_70' title='bbox 301 1273 404 1337; x_wconf 77' lang='grc' dir='ltr'>τούτων</span> <span class='ocrx_word' id='word_1_71' title='bbox 432 1281 486 1337; x_wconf 86' lang='grc' dir='ltr'>τῶν</span> <span class='ocrx_word' id='word_1_72' title='bbox 508 1259 616 1354; x_wconf 75' lang='grc' dir='ltr'>Ιἀνδρῶν</span> <span class='ocrx_word' id='word_1_73' title='bbox 643 1277 767 1353; x_wconf 78' lang='grc' dir='ltr'>γενέσθαι</span> <span class='ocrx_word' id='word_1_74' title='bbox 797 1267 894 1351; x_wconf 74' lang='lat' dir='ltr'>(inter</span> <span class='ocrx_word' id='word_1_75' title='bbox 925 1290 1006 1350; x_wconf 86' lang='lat' dir='ltr'>quos</span> <span class='ocrx_word' id='word_1_76' title='bbox 1033 1268 1186 1349; x_wconf 86' lang='lat' dir='ltr'>Orpheus</span> <span class='ocrx_word' id='word_1_77' title='bbox 1216 1265 1398 1347; x_wconf 85' lang='lat' dir='ltr'>habendus)</span> 
     </span>
     <span class='ocr_line' id='line_1_10' title="bbox 118 1384 1398 1473; baseline -0.008 -18"><span class='ocrx_word' id='word_1_78' title='bbox 118 1395 228 1473; x_wconf 73' lang='grc' dir='ltr'>ὕστερον</span> <span class='ocrx_word' id='word_1_79' title='bbox 249 1397 381 1472; x_wconf 73' lang='grc' dir='ltr'>γενέσθαι.</span> <span class='ocrx_word' id='word_1_80' title='bbox 426 1386 461 1452; x_wconf 82' lang='lat' dir='ltr'>Si</span> <span class='ocrx_word' id='word_1_81' title='bbox 484 1386 588 1470; x_wconf 87' lang='lat' dir='ltr'>igitur</span> <span class='ocrx_word' id='word_1_82' title='bbox 612 1386 776 1449; x_wconf 85' lang='lat' dir='ltr'>Hesiodus</span> <span class='ocrx_word' id='word_1_83' title='bbox 801 1386 1050 1469; x_wconf 72' lang='lat' dir='ltr'>quadringentis</span> <span class='ocrx_word' id='word_1_84' title='bbox 1075 1385 1167 1448; x_wconf 89' lang='lat' dir='ltr'>annis</span> <span class='ocrx_word' id='word_1_85' title='bbox 1193 1390 1269 1449; x_wconf 89' lang='lat' dir='ltr'>ante</span> <span class='ocrx_word' id='word_1_86' title='bbox 1295 1384 1398 1446; x_wconf 89' lang='lat' dir='ltr'>Hero·</span> 
     </span>
    </p>
   </div>
   <div class='ocr_carea' id='block_1_3' title="bbox 119 1505 1399 1829">
    <p class='ocr_par' dir='ltr' id='par_1_3' title="bbox 119 1505 1399 1829">
     <span class='ocr_line' id='line_1_11' title="bbox 119 1505 1398 1590; baseline -0.002 -22"><span class='ocrx_word' id='word_1_87' title='bbox 119 1506 234 1569; x_wconf 91' lang='lat' dir='ltr'>dotum</span> <span class='ocrx_word' id='word_1_88' title='bbox 264 1506 358 1584; x_wconf 87' lang='lat' dir='ltr'>vixit,</span> <span class='ocrx_word' id='word_1_89' title='bbox 385 1506 531 1590; x_wconf 85' lang='lat' dir='ltr'>Orphica</span> <span class='ocrx_word' id='word_1_90' title='bbox 555 1505 747 1589; x_wconf 77' lang='lat' dir='ltr'>Theogonis</span> <span class='ocrx_word' id='word_1_91' title='bbox 775 1514 869 1589; x_wconf 91' lang='lat' dir='ltr'>post</span> <span class='ocrx_word' id='word_1_92' title='bbox 898 1505 1065 1575; x_wconf 89' lang='lat' dir='ltr'>medium</span> <span class='ocrx_word' id='word_1_93' title='bbox 1096 1505 1299 1568; x_wconf 89' lang='lat' dir='ltr'>saeculum</span> <span class='ocrx_word' id='word_1_94' title='bbox 1329 1526 1398 1566; x_wconf 93' lang='lat' dir='ltr'>no-</span> 
     </span>
     <span class='ocr_line' id='line_1_12' title="bbox 119 1624 1399 1710; baseline -0.002 -23"><span class='ocrx_word' id='word_1_95' title='bbox 119 1648 208 1688; x_wconf 90' lang='lat' dir='ltr'>num</span> <span class='ocrx_word' id='word_1_96' title='bbox 237 1625 361 1710; x_wconf 90' lang='lat' dir='ltr'>scripta</span> <span class='ocrx_word' id='word_1_97' title='bbox 382 1632 444 1689; x_wconf 91' lang='lat' dir='ltr'>est.</span> <span class='ocrx_word' id='word_1_98' title='bbox 492 1626 577 1689; x_wconf 87' lang='lat' dir='ltr'>Cum</span> <span class='ocrx_word' id='word_1_99' title='bbox 602 1632 713 1688; x_wconf 88' lang='lat' dir='ltr'>autem</span> <span class='ocrx_word' id='word_1_100' title='bbox 738 1631 873 1709; x_wconf 89' lang='lat' dir='ltr'>propter</span> <span class='ocrx_word' id='word_1_101' title='bbox 897 1624 1079 1708; x_wconf 90' lang='lat' dir='ltr'>simplicem</span> <span class='ocrx_word' id='word_1_102' title='bbox 1105 1624 1174 1708; x_wconf 88' lang='lat' dir='ltr'>ejus</span> <span class='ocrx_word' id='word_1_103' title='bbox 1199 1630 1399 1686; x_wconf 89' lang='lat' dir='ltr'>structuram</span> 
     </span>
     <span class='ocr_line' id='line_1_13' title="bbox 120 1741 1399 1829; baseline -0.002 -22"><span class='ocrx_word' id='word_1_104' title='bbox 120 1750 154 1808; x_wconf 88' lang='lat' dir='ltr'>et</span> <span class='ocrx_word' id='word_1_105' title='bbox 179 1744 345 1808; x_wconf 85' lang='lat' dir='ltr'>doctrinas</span> <span class='ocrx_word' id='word_1_106' title='bbox 370 1744 517 1827; x_wconf 86' lang='lat' dir='ltr'>exeeptis</span> <span class='ocrx_word' id='word_1_107' title='bbox 546 1744 659 1829; x_wconf 89' lang='lat' dir='ltr'>primis</span> <span class='ocrx_word' id='word_1_108' title='bbox 683 1743 885 1827; x_wconf 87' lang='lat' dir='ltr'>pantheismi</span> <span class='ocrx_word' id='word_1_109' title='bbox 913 1751 947 1808; x_wconf 89' lang='lat' dir='ltr'>et</span> <span class='ocrx_word' id='word_1_110' title='bbox 971 1744 1131 1828; x_wconf 85' lang='lat' dir='ltr'>mysticae</span> <span class='ocrx_word' id='word_1_111' title='bbox 1156 1741 1399 1829; x_wconf 86' lang='lat' dir='ltr'>superstitionis</span> 
     </span>
    </p>
   </div>
   <div class='ocr_carea' id='block_1_4' title="bbox 118 1862 1400 1947">
    <p class='ocr_par' dir='ltr' id='par_1_4' title="bbox 118 1862 1400 1947">
     <span class='ocr_line' id='line_1_14' title="bbox 118 1862 1400 1947; baseline -0.002 -20"><span class='ocrx_word' id='word_1_112' title='bbox 118 1863 270 1946; x_wconf 88' lang='lat' dir='ltr'>vestigiis</span> <span class='ocrx_word' id='word_1_113' title='bbox 284 1887 351 1927; x_wconf 90' lang='lat' dir='ltr'>non</span> <span class='ocrx_word' id='word_1_114' title='bbox 364 1865 481 1947; x_wconf 90' lang='lat' dir='ltr'>procul</span> <span class='ocrx_word' id='word_1_115' title='bbox 496 1865 711 1928; x_wconf 87' lang='lat' dir='ltr'>abhorrentes</span> <span class='ocrx_word' id='word_1_116' title='bbox 732 1864 773 1926; x_wconf 90' lang='lat' dir='ltr'>ab</span> <span class='ocrx_word' id='word_1_117' title='bbox 789 1863 926 1927; x_wconf 89' lang='lat' dir='ltr'>Homeri</span> <span class='ocrx_word' id='word_1_118' title='bbox 945 1871 980 1926; x_wconf 92' lang='lat' dir='ltr'>et</span> <span class='ocrx_word' id='word_1_119' title='bbox 995 1862 1133 1927; x_wconf 89' lang='lat' dir='ltr'>Hesiodi</span> <span class='ocrx_word' id='word_1_120' title='bbox 1147 1862 1319 1945; x_wconf 83' lang='lat' dir='ltr'>theologia</span> <span class='ocrx_word' id='word_1_121' title='bbox 1333 1884 1400 1925; x_wconf 91' lang='lat' dir='ltr'>non</span> 
     </span>
    </p>
   </div>
   <div class='ocr_carea' id='block_1_5' title="bbox 118 1981 1399 2425">
    <p class='ocr_par' dir='ltr' id='par_1_5' title="bbox 118 1981 1399 2425">
     <span class='ocr_line' id='line_1_15' title="bbox 118 1981 1397 2066; baseline -0.002 -20"><span class='ocrx_word' id='word_1_122' title='bbox 118 1983 295 2046; x_wconf 88' lang='lat' dir='ltr'>verisimile</span> <span class='ocrx_word' id='word_1_123' title='bbox 312 1983 367 2062; x_wconf 91' lang='lat' dir='ltr'>sit,</span> <span class='ocrx_word' id='word_1_124' title='bbox 384 1983 448 2046; x_wconf 90' lang='lat' dir='ltr'>iam</span> <span class='ocrx_word' id='word_1_125' title='bbox 464 1983 499 2047; x_wconf 91' lang='lat' dir='ltr'>in</span> <span class='ocrx_word' id='word_1_126' title='bbox 515 2004 552 2046; x_wconf 90' lang='lat' dir='ltr'>ea</span> <span class='ocrx_word' id='word_1_127' title='bbox 568 1983 677 2046; x_wconf 92' lang='lat' dir='ltr'>omnia</span> <span class='ocrx_word' id='word_1_128' title='bbox 686 1982 745 2045; x_wconf 87' lang='lat' dir='ltr'>illa</span> <span class='ocrx_word' id='word_1_129' title='bbox 755 1982 911 2066; x_wconf 85' lang='lat' dir='ltr'>Orphica,</span> <span class='ocrx_word' id='word_1_130' title='bbox 929 2004 1011 2065; x_wconf 89' lang='lat' dir='ltr'>qnae</span> <span class='ocrx_word' id='word_1_131' title='bbox 1025 1982 1199 2065; x_wconf 90' lang='lat' dir='ltr'>postmodo</span> <span class='ocrx_word' id='word_1_132' title='bbox 1211 1981 1397 2059; x_wconf 87' lang='lat' dir='ltr'>dictasunt,</span> 
     </span>
     <span class='ocr_line' id='line_1_16' title="bbox 118 2099 1399 2183; baseline -0.001 -19"><span class='ocrx_word' id='word_1_133' title='bbox 118 2103 275 2183; x_wconf 78' lang='lat' dir='ltr'>dogmata</span> <span class='ocrx_word' id='word_1_134' title='bbox 291 2102 331 2165; x_wconf 92' lang='lat' dir='ltr'>de</span> <span class='ocrx_word' id='word_1_135' title='bbox 352 2102 518 2166; x_wconf 87' lang='lat' dir='ltr'>aetatibus</span> <span class='ocrx_word' id='word_1_136' title='bbox 532 2102 656 2182; x_wconf 89' lang='lat' dir='ltr'>mundi,</span> <span class='ocrx_word' id='word_1_137' title='bbox 681 2103 720 2165; x_wconf 93' lang='lat' dir='ltr'>de</span> <span class='ocrx_word' id='word_1_138' title='bbox 743 2103 948 2166; x_wconf 88' lang='lat' dir='ltr'>saeculorum</span> <span class='ocrx_word' id='word_1_139' title='bbox 968 2101 1253 2180; x_wconf 86' lang='lat' dir='ltr'>conversionibus,</span> <span class='ocrx_word' id='word_1_140' title='bbox 1277 2100 1317 2164; x_wconf 90' lang='lat' dir='ltr'>de</span> <span class='ocrx_word' id='word_1_141' title='bbox 1338 2099 1399 2163; x_wconf 88' lang='lat' dir='ltr'>mi-</span> 
     </span>
     <span class='ocr_line' id='line_1_17' title="bbox 118 2219 1399 2305; baseline -0.002 -21"><span class='ocrx_word' id='word_1_142' title='bbox 118 2221 268 2305; x_wconf 84' lang='lat' dir='ltr'>gratione</span> <span class='ocrx_word' id='word_1_143' title='bbox 285 2222 480 2301; x_wconf 89' lang='lat' dir='ltr'>animarum,</span> <span class='ocrx_word' id='word_1_144' title='bbox 504 2222 544 2285; x_wconf 87' lang='lat' dir='ltr'>de</span> <span class='ocrx_word' id='word_1_145' title='bbox 560 2222 775 2286; x_wconf 87' lang='lat' dir='ltr'>microcosmo</span> <span class='ocrx_word' id='word_1_146' title='bbox 793 2227 827 2285; x_wconf 91' lang='lat' dir='ltr'>et</span> <span class='ocrx_word' id='word_1_147' title='bbox 842 2243 1065 2285; x_wconf 91' lang='lat' dir='ltr'>macrocosmo</span> <span class='ocrx_word' id='word_1_148' title='bbox 1081 2221 1227 2304; x_wconf 71' lang='lat' dir='ltr'>prolixe²</span> <span class='ocrx_word' id='word_1_149' title='bbox 1250 2219 1399 2304; x_wconf 83' lang='lat' dir='ltr'>exposita</span> 
     </span>
     <span class='ocr_line' id='line_1_18' title="bbox 119 2339 1398 2425; baseline -0.002 -21"><span class='ocrx_word' id='word_1_150' title='bbox 119 2339 231 2418; x_wconf 86' lang='lat' dir='ltr'>fuisse,</span> <span class='ocrx_word' id='word_1_151' title='bbox 250 2342 309 2404; x_wconf 87' lang='lat' dir='ltr'>sed</span> <span class='ocrx_word' id='word_1_152' title='bbox 324 2363 362 2404; x_wconf 86' lang='lat' dir='ltr'>ea</span> <span class='ocrx_word' id='word_1_153' title='bbox 377 2342 488 2425; x_wconf 92' lang='lat' dir='ltr'>potius</span> <span class='ocrx_word' id='word_1_154' title='bbox 505 2364 579 2405; x_wconf 89' lang='lat' dir='ltr'>cum</span> <span class='ocrx_word' id='word_1_155' title='bbox 594 2341 675 2405; x_wconf 76' lang='lat' dir='ltr'>Irob</span> <span class='ocrx_word' id='word_1_156' title='bbox 685 2341 796 2404; x_wconf 87' lang='lat' dir='ltr'>eckio</span> <span class='ocrx_word' id='word_1_157' title='bbox 814 2342 905 2424; x_wconf 84' lang='lat' dir='ltr'>(Agl.</span> <span class='ocrx_word' id='word_1_158' title='bbox 917 2341 954 2403; x_wconf 94' lang='grc' dir='ltr'>Π</span> <span class='ocrx_word' id='word_1_159' title='bbox 964 2365 997 2424; x_wconf 88' lang='lat' dir='ltr'>p.</span> <span class='ocrx_word' id='word_1_160' title='bbox 1010 2343 1083 2423; x_wconf 81' lang='lat'>810)</span> <span class='ocrx_word' id='word_1_161' title='bbox 1094 2341 1128 2403; x_wconf 93' lang='lat' dir='ltr'>in</span> <span class='ocrx_word' id='word_1_162' title='bbox 1144 2341 1297 2419; x_wconf 86' lang='lat' dir='ltr'>carmina,</span> <span class='ocrx_word' id='word_1_163' title='bbox 1316 2361 1398 2422; x_wconf 89' lang='lat' dir='ltr'>quae</span> 
     </span>
    </p>
   </div>
   <div class='ocr_carea' id='block_1_6' title="bbox 117 2460 1397 2663">
    <p class='ocr_par' dir='ltr' id='par_1_6' title="bbox 117 2460 1397 2663">
     <span class='ocr_line' id='line_1_19' title="bbox 117 2460 1396 2550; baseline -0.002 -20"><span class='ocrx_word' id='word_1_164' title='bbox 117 2460 381 2524; x_wconf 53' lang='lat' dir='ltr'>inscribebantur</span> <span class='ocrx_word' id='word_1_165' title='bbox 397 2466 555 2548; x_wconf 82' lang='grc' dir='ltr'>Κατάβααις</span> <span class='ocrx_word' id='word_1_166' title='bbox 574 2468 613 2535; x_wconf 88' lang='grc' dir='ltr'>είς</span> <span class='ocrx_word' id='word_1_167' title='bbox 634 2466 712 2547; x_wconf 72' lang='lat' dir='ltr'>cibos,</span> <span class='ocrx_word' id='word_1_168' title='bbox 728 2469 854 2538; x_wconf 83' lang='grc' dir='ltr'>Τελεταί,</span> <span class='ocrx_word' id='word_1_169' title='bbox 875 2468 1008 2550; x_wconf 81' lang='grc' dir='ltr'>Βακχικά,</span> <span class='ocrx_word' id='word_1_170' title='bbox 1032 2469 1147 2538; x_wconf 85' lang='grc' dir='ltr'>Φυσικοί,</span> <span class='ocrx_word' id='word_1_171' title='bbox 1170 2469 1293 2547; x_wconf 77' lang='grc' dir='ltr'><strong>Σωτήρια</strong></span> <span class='ocrx_word' id='word_1_172' title='bbox 1313 2460 1396 2522; x_wconf 70' lang='lat' dir='ltr'>rele-</span> 
     </span>
     <span class='ocr_line' id='line_1_20' title="bbox 118 2578 1397 2663; baseline -0.002 -20"><span class='ocrx_word' id='word_1_173' title='bbox 118 2582 227 2663; x_wconf 86' lang='lat' dir='ltr'>ganda</span> <span class='ocrx_word' id='word_1_174' title='bbox 250 2581 435 2659; x_wconf 86' lang='lat' dir='ltr'>videantur,</span> <span class='ocrx_word' id='word_1_175' title='bbox 461 2580 601 2644; x_wconf 87' lang='lat' dir='ltr'>fortasse</span> <span class='ocrx_word' id='word_1_176' title='bbox 626 2580 660 2643; x_wconf 92' lang='lat' dir='ltr'>in</span> <span class='ocrx_word' id='word_1_177' title='bbox 682 2579 868 2643; x_wconf 90' lang='lat' dir='ltr'>definienda</span> <span class='ocrx_word' id='word_1_178' title='bbox 892 2583 1001 2643; x_wconf 85' lang='lat' dir='ltr'>aetate</span> <span class='ocrx_word' id='word_1_179' title='bbox 1028 2579 1171 2643; x_wconf 88' lang='lat' dir='ltr'>auctoris</span> <span class='ocrx_word' id='word_1_180' title='bbox 1195 2578 1301 2642; x_wconf 89' lang='lat' dir='ltr'>nostri</span> <span class='ocrx_word' id='word_1_181' title='bbox 1320 2601 1397 2642; x_wconf 93' lang='lat' dir='ltr'>non</span> 
     </span>
    </p>
   </div>
   <div class='ocr_carea' id='block_1_7' title="bbox 115 2850 1398 4458">
    <p class='ocr_par' dir='ltr' id='par_1_7' title="bbox 117 2850 1398 3183">
     <span class='ocr_line' id='line_1_21' title="bbox 117 2850 1326 2924; baseline 0 -20"><span class='ocrx_word' id='word_1_182' title='bbox 117 2857 233 2919; x_wconf 82' lang='lat' dir='ltr'>Apollini</span> <span class='ocrx_word' id='word_1_183' title='bbox 258 2858 334 2905; x_wconf 85' lang='lat' dir='ltr'>enixa</span> <span class='ocrx_word' id='word_1_184' title='bbox 352 2859 408 2906; x_wconf 77' lang='lat' dir='ltr'>est?</span> <span class='ocrx_word' id='word_1_185' title='bbox 430 2858 518 2905; x_wconf 84' lang='lat' dir='ltr'>Musas</span> <span class='ocrx_word' id='word_1_186' title='bbox 537 2856 655 2917; x_wconf 89' lang='lat' dir='ltr'>fortasse,</span> <span class='ocrx_word' id='word_1_187' title='bbox 680 2857 701 2906; x_wconf 91' lang='lat' dir='ltr'>si</span> <span class='ocrx_word' id='word_1_188' title='bbox 725 2857 803 2905; x_wconf 88' lang='lat' dir='ltr'>verba</span> <span class='ocrx_word' id='word_1_189' title='bbox 819 2856 921 2905; x_wconf 89' lang='lat' dir='ltr'>Proculi</span> <span class='ocrx_word' id='word_1_190' title='bbox 945 2856 1040 2906; x_wconf 93' lang='lat' dir='ltr'>ibidem</span> <span class='ocrx_word' id='word_1_191' title='bbox 1057 2857 1186 2920; x_wconf 87' lang='lat' dir='ltr'>apposita:</span> <span class='ocrx_word' id='word_1_192' title='bbox 1214 2854 1232 2923; x_wconf 80' lang='grc' dir='ltr'>ἡ</span> <span class='ocrx_word' id='word_1_193' title='bbox 1252 2850 1326 2924; x_wconf 87' lang='grc' dir='ltr'>Κόρη</span> 
     </span>
     <span class='ocr_line' id='line_1_22' title="bbox 118 2937 1398 3013; baseline -0.002 -21"><span class='ocrx_word' id='word_1_194' title='bbox 118 2938 221 3010; x_wconf 84' lang='grc' dir='ltr'>λέγεται</span> <span class='ocrx_word' id='word_1_195' title='bbox 243 2941 311 2993; x_wconf 76' lang='grc' dir='ltr'>κατὰ</span> <span class='ocrx_word' id='word_1_196' title='bbox 335 2942 382 3011; x_wconf 84' lang='grc' dir='ltr'>τὴν</span> <span class='ocrx_word' id='word_1_197' title='bbox 405 2949 452 3012; x_wconf 83' lang='grc' dir='ltr'>τῆς</span> <span class='ocrx_word' id='word_1_198' title='bbox 472 2939 635 3013; x_wconf 76' lang='grc' dir='ltr'>Περσεφόνης</span> <span class='ocrx_word' id='word_1_199' title='bbox 652 2938 752 3011; x_wconf 86' lang='grc' dir='ltr'>γόνιμον</span> <span class='ocrx_word' id='word_1_200' title='bbox 771 2941 876 3010; x_wconf 80' lang='grc' dir='ltr'>δύναμιν</span> <span class='ocrx_word' id='word_1_201' title='bbox 900 2937 1069 2993; x_wconf 73' lang='grc' dir='ltr'>συνάπτεσθαι</span> <span class='ocrx_word' id='word_1_202' title='bbox 1091 2945 1129 3010; x_wconf 79' lang='grc' dir='ltr'>τῷ</span> <span class='ocrx_word' id='word_1_203' title='bbox 1151 2939 1228 3013; x_wconf 84' lang='grc' dir='ltr'>τρίτῳ</span> <span class='ocrx_word' id='word_1_204' title='bbox 1252 2940 1398 3011; x_wconf 77' lang='grc' dir='ltr'>δημιουργῷ</span> 
     </span>
     <span class='ocr_line' id='line_1_23' title="bbox 117 3022 553 3099; baseline 0.011 -24"><span class='ocrx_word' id='word_1_205' title='bbox 117 3025 161 3076; x_wconf 74' lang='grc' dir='ltr'>καί</span> <span class='ocrx_word' id='word_1_206' title='bbox 179 3023 280 3085; x_wconf 75' lang='grc' dir='ltr'>τίκτειν,</span> <span class='ocrx_word' id='word_1_207' title='bbox 300 3028 335 3084; x_wconf 81' lang='grc' dir='ltr'>ὥς</span> <span class='ocrx_word' id='word_1_208' title='bbox 352 3045 428 3099; x_wconf 79' lang='grc' dir='ltr'>φησιν</span> <span class='ocrx_word' id='word_1_209' title='bbox 444 3022 553 3099; x_wconf 76' lang='grc' dir='ltr'>Ὀρφεύς</span> 
     </span>
     <span class='ocr_line' id='line_1_24' title="bbox 414 3108 1070 3183; baseline -0.002 -19"><span class='ocrx_word' id='word_1_210' title='bbox 414 3109 504 3164; x_wconf 81' lang='grc' dir='ltr'>Ἐννέα</span> <span class='ocrx_word' id='word_1_211' title='bbox 522 3110 664 3183; x_wconf 76' lang='grc' dir='ltr'>θυγατέρας</span> <span class='ocrx_word' id='word_1_212' title='bbox 681 3111 861 3181; x_wconf 73' lang='grc' dir='ltr'>γλαυκώπιδος</span> <span class='ocrx_word' id='word_1_213' title='bbox 879 3108 1070 3183; x_wconf 76' lang='grc' dir='ltr'>ἀνθεσιουργούς</span> 
     </span>
    </p>

    <p class='ocr_par' dir='ltr' id='par_1_8' title="bbox 115 3195 1398 4031">
     <span class='ocr_line' id='line_1_25' title="bbox 117 3195 1397 3262; baseline -0.001 -15"><span class='ocrx_word' id='word_1_214' title='bbox 117 3199 148 3247; x_wconf 90' lang='lat' dir='ltr'>de</span> <span class='ocrx_word' id='word_1_215' title='bbox 172 3199 301 3260; x_wconf 88' lang='lat' dir='ltr'>Apollinis</span> <span class='ocrx_word' id='word_1_216' title='bbox 329 3207 354 3248; x_wconf 88' lang='lat' dir='ltr'>et</span> <span class='ocrx_word' id='word_1_217' title='bbox 376 3199 556 3262; x_wconf 86' lang='lat' dir='ltr'>Persephonae</span> <span class='ocrx_word' id='word_1_218' title='bbox 583 3199 704 3262; x_wconf 84' lang='lat' dir='ltr'>coniugio</span> <span class='ocrx_word' id='word_1_219' title='bbox 728 3198 893 3260; x_wconf 84' lang='lat' dir='ltr'>intelligenda</span> <span class='ocrx_word' id='word_1_220' title='bbox 920 3198 978 3246; x_wconf 88' lang='lat' dir='ltr'>sint.</span> <span class='ocrx_word' id='word_1_221' title='bbox 1016 3195 1067 3247; x_wconf 87' lang='lat' dir='ltr'>Sed</span> <span class='ocrx_word' id='word_1_222' title='bbox 1091 3197 1188 3256; x_wconf 82' lang='lat' dir='ltr'>obstat,</span> <span class='ocrx_word' id='word_1_223' title='bbox 1217 3198 1285 3259; x_wconf 90' lang='lat' dir='ltr'>quod</span> <span class='ocrx_word' id='word_1_224' title='bbox 1309 3197 1397 3246; x_wconf 88' lang='lat' dir='ltr'>tertius</span> 
     </span>
     <span class='ocr_line' id='line_1_26' title="bbox 117 3281 1396 3350; baseline -0.002 -18"><span class='ocrx_word' id='word_1_225' title='bbox 117 3284 263 3346; x_wconf 82' lang='lat' dir='ltr'>demiurgus</span> <span class='ocrx_word' id='word_1_226' title='bbox 281 3285 356 3334; x_wconf 87' lang='lat' dir='ltr'>Pluto</span> <span class='ocrx_word' id='word_1_227' title='bbox 379 3300 435 3334; x_wconf 89' lang='lat' dir='ltr'>esse</span> <span class='ocrx_word' id='word_1_228' title='bbox 457 3286 522 3334; x_wconf 91' lang='lat' dir='ltr'>solet</span> <span class='ocrx_word' id='word_1_229' title='bbox 545 3285 618 3350; x_wconf 70' lang='lat' dir='ltr'>(Api.</span> <span class='ocrx_word' id='word_1_230' title='bbox 633 3303 663 3350; x_wconf 82' lang='lat' dir='ltr'>p.</span> <span class='ocrx_word' id='word_1_231' title='bbox 685 3289 732 3332; x_wconf 79' lang='lat'>549</span> <span class='ocrx_word' id='word_1_232' title='bbox 752 3287 786 3334; x_wconf 85' lang='lat' dir='ltr'>N.</span> <span class='ocrx_word' id='word_1_233' title='bbox 807 3283 853 3344; x_wconf 73' lang='lat' dir='ltr'>h),</span> <span class='ocrx_word' id='word_1_234' title='bbox 890 3282 1009 3333; x_wconf 85' lang='lat' dir='ltr'>Ceterum</span> <span class='ocrx_word' id='word_1_235' title='bbox 1031 3297 1083 3332; x_wconf 92' lang='lat' dir='ltr'>non</span> <span class='ocrx_word' id='word_1_236' title='bbox 1101 3282 1266 3330; x_wconf 90' lang='lat' dir='ltr'>iniucundum</span> <span class='ocrx_word' id='word_1_237' title='bbox 1291 3281 1396 3343; x_wconf 84' lang='lat' dir='ltr'>videtur,</span> 
     </span>
     <span class='ocr_line' id='line_1_27' title="bbox 117 3367 1397 3439; baseline 0 -22"><span class='ocrx_word' id='word_1_238' title='bbox 117 3369 138 3417; x_wconf 90' lang='lat' dir='ltr'>si</span> <span class='ocrx_word' id='word_1_239' title='bbox 164 3367 232 3416; x_wconf 86' lang='lat' dir='ltr'>Ocra</span> <span class='ocrx_word' id='word_1_240' title='bbox 259 3371 336 3418; x_wconf 90' lang='lat' dir='ltr'>modo</span> <span class='ocrx_word' id='word_1_241' title='bbox 361 3369 415 3418; x_wconf 88' lang='lat' dir='ltr'>Soli</span> <span class='ocrx_word' id='word_1_242' title='bbox 442 3372 519 3419; x_wconf 88' lang='lat' dir='ltr'>modo</span> <span class='ocrx_word' id='word_1_243' title='bbox 539 3370 607 3420; x_wconf 92' lang='lat' dir='ltr'>Orco</span> <span class='ocrx_word' id='word_1_244' title='bbox 634 3367 727 3439; x_wconf 77' lang='grc' dir='ltr'>σαοτίῳ</span> <span class='ocrx_word' id='word_1_245' title='bbox 750 3371 868 3434; x_wconf 88' lang='lat' dir='ltr'>nupsisse</span> <span class='ocrx_word' id='word_1_246' title='bbox 896 3370 1027 3418; x_wconf 84' lang='lat' dir='ltr'>dicebatur</span> <span class='ocrx_word' id='word_1_247' title='bbox 1053 3369 1099 3432; x_wconf 84' lang='lat' dir='ltr'>(cf.</span> <span class='ocrx_word' id='word_1_248' title='bbox 1119 3370 1190 3418; x_wconf 71' lang='lat' dir='ltr'>Par.</span> <span class='ocrx_word' id='word_1_249' title='bbox 1209 3371 1251 3419; x_wconf 87' lang='lat' dir='ltr'>De</span> <span class='ocrx_word' id='word_1_250' title='bbox 1268 3370 1315 3418; x_wconf 79' lang='lat' dir='ltr'>EI</span> <span class='ocrx_word' id='word_1_251' title='bbox 1328 3371 1397 3433; x_wconf 80' lang='lat' dir='ltr'>apud</span> 
     </span>
     <span class='ocr_line' id='line_1_28' title="bbox 116 3447 1396 3527; baseline 0.001 -23"><span class='ocrx_word' id='word_1_252' title='bbox 116 3456 231 3518; x_wconf 77' lang='lat' dir='ltr'>Delphos</span> <span class='ocrx_word' id='word_1_253' title='bbox 247 3456 330 3504; x_wconf 84' lang='lat' dir='ltr'><em>XXI:</em></span> <span class='ocrx_word' id='word_1_254' title='bbox 349 3453 451 3523; x_wconf 80' lang='grc' dir='ltr'>λέγεται</span> <span class='ocrx_word' id='word_1_255' title='bbox 468 3453 515 3527; x_wconf 85' lang='grc' dir='ltr'>γὰρ</span> <span class='ocrx_word' id='word_1_256' title='bbox 535 3455 548 3506; x_wconf 82' lang='grc' dir='ltr'>ὁ</span> <span class='ocrx_word' id='word_1_257' title='bbox 571 3456 618 3522; x_wconf 86' lang='grc' dir='ltr'>μὲν</span> <span class='ocrx_word' id='word_1_258' title='bbox 634 3451 783 3514; x_wconf 83' lang='grc' dir='ltr'>Ἀπόλλων,</span> <span class='ocrx_word' id='word_1_259' title='bbox 808 3455 821 3506; x_wconf 82' lang='grc' dir='ltr'>ὁ</span> <span class='ocrx_word' id='word_1_260' title='bbox 841 3455 869 3506; x_wconf 80' lang='grc' dir='ltr'>δὲ</span> <span class='ocrx_word' id='word_1_261' title='bbox 890 3451 1089 3510; x_wconf 74' lang='grc' dir='ltr'>Πλούτων’,ιιαὶ</span> <span class='ocrx_word' id='word_1_262' title='bbox 1107 3452 1120 3504; x_wconf 81' lang='grc' dir='ltr'>ί</span> <span class='ocrx_word' id='word_1_263' title='bbox 1140 3454 1187 3520; x_wconf 86' lang='grc' dir='ltr'>μὲν</span> <span class='ocrx_word' id='word_1_264' title='bbox 1205 3447 1310 3521; x_wconf 77' lang='grc' dir='ltr'>Δήλιος,</span> <span class='ocrx_word' id='word_1_265' title='bbox 1335 3452 1348 3505; x_wconf 84' lang='grc' dir='ltr'>ὁ</span> <span class='ocrx_word' id='word_1_266' title='bbox 1368 3452 1396 3505; x_wconf 79' lang='grc' dir='ltr'>δὲ</span> 
     </span>
     <span class='ocr_line' id='line_1_29' title="bbox 115 3535 1396 3611; baseline 0 -21"><span class='ocrx_word' id='word_1_267' title='bbox 115 3535 267 3595; x_wconf 73' lang='grc' dir='ltr'>Ἀϊδωνεύς·</span> <span class='ocrx_word' id='word_1_268' title='bbox 292 3539 336 3591; x_wconf 80' lang='grc' dir='ltr'>παὶ</span> <span class='ocrx_word' id='word_1_269' title='bbox 355 3539 368 3590; x_wconf 82' lang='grc' dir='ltr'>ὁ</span> <span class='ocrx_word' id='word_1_270' title='bbox 388 3540 435 3608; x_wconf 80' lang='grc' dir='ltr'>μὲν</span> <span class='ocrx_word' id='word_1_271' title='bbox 453 3538 561 3610; x_wconf 79' lang='grc' dir='ltr'>Φοῖβος,</span> <span class='ocrx_word' id='word_1_272' title='bbox 582 3541 595 3592; x_wconf 83' lang='grc' dir='ltr'>ὁ</span> <span class='ocrx_word' id='word_1_273' title='bbox 615 3541 643 3593; x_wconf 75' lang='grc' dir='ltr'>δὲ</span> <span class='ocrx_word' id='word_1_274' title='bbox 662 3539 778 3599; x_wconf 72' lang='grc' dir='ltr'>Σκότιος·</span> <span class='ocrx_word' id='word_1_275' title='bbox 803 3541 847 3592; x_wconf 76' lang='grc' dir='ltr'>καὶ</span> <span class='ocrx_word' id='word_1_276' title='bbox 866 3539 965 3592; x_wconf 86' lang='grc' dir='ltr'><strong>....ὁ</strong></span> <span class='ocrx_word' id='word_1_277' title='bbox 985 3540 1032 3609; x_wconf 79' lang='grc' dir='ltr'>ριἐν</span> <span class='ocrx_word' id='word_1_278' title='bbox 1051 3536 1162 3611; x_wconf 83' lang='grc' dir='ltr'>Θεώριος</span> <span class='ocrx_word' id='word_1_279' title='bbox 1178 3539 1223 3590; x_wconf 75' lang='grc' dir='ltr'>καὶ</span> <span class='ocrx_word' id='word_1_280' title='bbox 1242 3536 1363 3598; x_wconf 83' lang='grc' dir='ltr'>Φαναῖος,</span> <span class='ocrx_word' id='word_1_281' title='bbox 1383 3539 1396 3590; x_wconf 81' lang='grc' dir='ltr'>ὁ</span> 
     </span>
     <span class='ocr_line' id='line_1_30' title="bbox 118 3620 1398 3698; baseline 0 -24"><span class='ocrx_word' id='word_1_282' title='bbox 118 3623 147 3675; x_wconf 83' lang='grc' dir='ltr'>δὲ</span> <span class='ocrx_word' id='word_1_283' title='bbox 166 3620 266 3680; x_wconf 74' lang='grc' dir='ltr'>Νυκτὸς</span> <span class='ocrx_word' id='word_1_284' title='bbox 284 3623 373 3680; x_wconf 61' lang='lat' dir='ltr'>altem</span> <span class='ocrx_word' id='word_1_285' title='bbox 391 3624 529 3695; x_wconf 82' lang='grc' dir='ltr'>ἀεργηλοῖό</span> <span class='ocrx_word' id='word_1_286' title='bbox 547 3644 574 3677; x_wconf 94' lang='grc' dir='ltr'>τε</span> <span class='ocrx_word' id='word_1_287' title='bbox 587 3621 682 3679; x_wconf 81' lang='grc' dir='ltr'>Ὕπνου</span> <span class='ocrx_word' id='word_1_288' title='bbox 700 3625 815 3698; x_wconf 78' lang='grc' dir='ltr'>κοίρανος</span> <span class='ocrx_word' id='word_1_289' title='bbox 832 3625 913 3691; x_wconf 62' lang='grc' dir='ltr'>σιτία).</span> <span class='ocrx_word' id='word_1_290' title='bbox 951 3626 996 3675; x_wconf 91' lang='lat' dir='ltr'>Sin</span> <span class='ocrx_word' id='word_1_291' title='bbox 1016 3625 1084 3674; x_wconf 88' lang='lat' dir='ltr'>Cora</span> <span class='ocrx_word' id='word_1_292' title='bbox 1101 3627 1126 3674; x_wconf 90' lang='lat' dir='ltr'>in</span> <span class='ocrx_word' id='word_1_293' title='bbox 1145 3632 1228 3674; x_wconf 86' lang='lat' dir='ltr'>vetere</span> <span class='ocrx_word' id='word_1_294' title='bbox 1246 3625 1398 3688; x_wconf 76' lang='lat' dir='ltr'>Theogonis</span> 
     </span>
     <span class='ocr_line' id='line_1_31' title="bbox 117 3709 1396 3774; baseline 0.001 -15"><span class='ocrx_word' id='word_1_295' title='bbox 117 3719 143 3759; x_wconf 88' lang='lat' dir='ltr'>ct</span> <span class='ocrx_word' id='word_1_296' title='bbox 160 3709 289 3773; x_wconf 81' lang='lat' dir='ltr'>Apollinis</span> <span class='ocrx_word' id='word_1_297' title='bbox 315 3718 340 3759; x_wconf 89' lang='lat' dir='ltr'>et</span> <span class='ocrx_word' id='word_1_298' title='bbox 357 3711 474 3760; x_wconf 88' lang='lat' dir='ltr'>Plutonis</span> <span class='ocrx_word' id='word_1_299' title='bbox 496 3727 562 3762; x_wconf 83' lang='lat' dir='ltr'>uxor</span> <span class='ocrx_word' id='word_1_300' title='bbox 584 3720 651 3773; x_wconf 86' lang='lat' dir='ltr'>erat,</span> <span class='ocrx_word' id='word_1_301' title='bbox 676 3713 746 3760; x_wconf 90' lang='lat' dir='ltr'>nullo</span> <span class='ocrx_word' id='word_1_302' title='bbox 768 3713 845 3760; x_wconf 89' lang='lat' dir='ltr'>modo</span> <span class='ocrx_word' id='word_1_303' title='bbox 870 3713 946 3761; x_wconf 89' lang='lat' dir='ltr'>etiam</span> <span class='ocrx_word' id='word_1_304' title='bbox 965 3712 1090 3774; x_wconf 85' lang='lat' dir='ltr'>Zagreum</span> <span class='ocrx_word' id='word_1_305' title='bbox 1107 3711 1168 3760; x_wconf 81' lang='lat' dir='ltr'>Jovi</span> <span class='ocrx_word' id='word_1_306' title='bbox 1192 3725 1281 3774; x_wconf 87' lang='lat' dir='ltr'>parere</span> <span class='ocrx_word' id='word_1_307' title='bbox 1304 3711 1396 3774; x_wconf 89' lang='lat' dir='ltr'>potnit.</span> 
     </span>
     <span class='ocr_line' id='line_1_32' title="bbox 116 3794 1397 3861; baseline 0.002 -19"><span class='ocrx_word' id='word_1_308' title='bbox 116 3794 156 3842; x_wconf 85' lang='lat' dir='ltr'>Eo</span> <span class='ocrx_word' id='word_1_309' title='bbox 180 3795 249 3844; x_wconf 91' lang='lat' dir='ltr'>enim</span> <span class='ocrx_word' id='word_1_310' title='bbox 273 3796 446 3859; x_wconf 87' lang='lat' dir='ltr'>impudentiae</span> <span class='ocrx_word' id='word_1_311' title='bbox 470 3798 620 3860; x_wconf 79' lang='lat' dir='ltr'>scriptorem</span> <span class='ocrx_word' id='word_1_312' title='bbox 645 3797 811 3861; x_wconf 84' lang='lat' dir='ltr'>Theogoniae</span> <span class='ocrx_word' id='word_1_313' title='bbox 835 3797 1006 3861; x_wconf 87' lang='lat' dir='ltr'>processisse,</span> <span class='ocrx_word' id='word_1_314' title='bbox 1033 3803 1059 3845; x_wconf 89' lang='lat' dir='ltr'>ut</span> <span class='ocrx_word' id='word_1_315' title='bbox 1081 3804 1182 3860; x_wconf 87' lang='lat' dir='ltr'>praeter</span> <span class='ocrx_word' id='word_1_316' title='bbox 1204 3797 1268 3844; x_wconf 89' lang='lat' dir='ltr'>duos</span> <span class='ocrx_word' id='word_1_317' title='bbox 1291 3796 1397 3846; x_wconf 89' lang='lat' dir='ltr'>maritos</span> 
     </span>
     <span class='ocr_line' id='line_1_33' title="bbox 117 3881 1397 3946; baseline 0.003 -19"><span class='ocrx_word' id='word_1_318' title='bbox 117 3881 194 3928; x_wconf 90' lang='lat' dir='ltr'>etiam</span> <span class='ocrx_word' id='word_1_319' title='bbox 211 3889 310 3944; x_wconf 88' lang='lat' dir='ltr'>patrem</span> <span class='ocrx_word' id='word_1_320' title='bbox 327 3882 453 3930; x_wconf 91' lang='lat' dir='ltr'>incestum</span> <span class='ocrx_word' id='word_1_321' title='bbox 471 3883 584 3946; x_wconf 85' lang='lat' dir='ltr'>finxerit,</span> <span class='ocrx_word' id='word_1_322' title='bbox 609 3884 652 3932; x_wconf 85' lang='lat' dir='ltr'>vix</span> <span class='ocrx_word' id='word_1_323' title='bbox 670 3884 791 3933; x_wconf 89' lang='lat' dir='ltr'>credibile</span> <span class='ocrx_word' id='word_1_324' title='bbox 810 3892 857 3932; x_wconf 91' lang='lat' dir='ltr'>est.</span> <span class='ocrx_word' id='word_1_325' title='bbox 893 3883 982 3946; x_wconf 89' lang='lat' dir='ltr'>Itaque</span> <span class='ocrx_word' id='word_1_326' title='bbox 1001 3882 1038 3932; x_wconf 87' lang='lat' dir='ltr'>sic</span> <span class='ocrx_word' id='word_1_327' title='bbox 1060 3896 1162 3946; x_wconf 90' lang='lat' dir='ltr'>quoque</span> <span class='ocrx_word' id='word_1_328' title='bbox 1180 3883 1292 3946; x_wconf 84' lang='lat' dir='ltr'>Zagreus</span> <span class='ocrx_word' id='word_1_329' title='bbox 1315 3888 1397 3932; x_wconf 85' lang='lat' dir='ltr'>exter·</span> 
     </span>
     <span class='ocr_line' id='line_1_34' title="bbox 116 3965 593 4031; baseline 0.01 -19"><span class='ocrx_word' id='word_1_330' title='bbox 116 3965 251 4014; x_wconf 86' lang='lat' dir='ltr'>minandus</span> <span class='ocrx_word' id='word_1_331' title='bbox 270 3967 367 4016; x_wconf 85' lang='lat' dir='ltr'>videtur</span> <span class='ocrx_word' id='word_1_332' title='bbox 385 3983 418 4016; x_wconf 84' lang='lat' dir='ltr'>ex</span> <span class='ocrx_word' id='word_1_333' title='bbox 436 3968 593 4031; x_wconf 81' lang='lat' dir='ltr'>Theogonia.</span> 
     </span>
    </p>

    <p class='ocr_par' dir='ltr' id='par_1_9' title="bbox 187 4049 573 4117">
     <span class='ocr_line' id='line_1_35' title="bbox 187 4049 573 4117; baseline 0.013 -19"><span class='ocrx_word' id='word_1_334' title='bbox 187 4050 195 4078; x_wconf 88' lang='lat'><strong>¹</strong></span> <span class='ocrx_word' id='word_1_335' title='bbox 215 4049 256 4099; x_wconf 83' lang='lat' dir='ltr'>cf.</span> <span class='ocrx_word' id='word_1_336' title='bbox 276 4067 341 4114; x_wconf 90' lang='lat' dir='ltr'>qnae</span> <span class='ocrx_word' id='word_1_337' title='bbox 360 4068 437 4117; x_wconf 91' lang='lat' dir='ltr'>supra</span> <span class='ocrx_word' id='word_1_338' title='bbox 456 4055 573 4117; x_wconf 89' lang='lat' dir='ltr'>exposui.</span> 
     </span>
    </p>

    <p class='ocr_par' dir='ltr' id='par_1_10' title="bbox 116 4133 1397 4458">
     <span class='ocr_line' id='line_1_36' title="bbox 185 4133 1395 4204; baseline 0.003 -20"><span class='ocrx_word' id='word_1_339' title='bbox 185 4133 303 4185; x_wconf 62' lang='grc' dir='ltr'>2Μιιτιιίί</span> <span class='ocrx_word' id='word_1_340' title='bbox 328 4144 422 4187; x_wconf 86' lang='lat' dir='ltr'>aetates</span> <span class='ocrx_word' id='word_1_341' title='bbox 441 4147 466 4187; x_wconf 87' lang='lat' dir='ltr'>et</span> <span class='ocrx_word' id='word_1_342' title='bbox 484 4140 627 4189; x_wconf 89' lang='lat' dir='ltr'>animarum</span> <span class='ocrx_word' id='word_1_343' title='bbox 650 4140 815 4204; x_wconf 83' lang='lat' dir='ltr'>migrantium</span> <span class='ocrx_word' id='word_1_344' title='bbox 838 4140 954 4203; x_wconf 90' lang='lat' dir='ltr'>praemia</span> <span class='ocrx_word' id='word_1_345' title='bbox 977 4147 1001 4190; x_wconf 90' lang='lat' dir='ltr'>et</span> <span class='ocrx_word' id='word_1_346' title='bbox 1022 4141 1122 4189; x_wconf 88' lang='lat' dir='ltr'>labores</span> <span class='ocrx_word' id='word_1_347' title='bbox 1142 4154 1192 4187; x_wconf 89' lang='lat' dir='ltr'>non</span> <span class='ocrx_word' id='word_1_348' title='bbox 1210 4154 1276 4203; x_wconf 84' lang='lat' dir='ltr'>nego</span> <span class='ocrx_word' id='word_1_349' title='bbox 1300 4139 1395 4188; x_wconf 88' lang='lat' dir='ltr'>iamin</span> 
     </span>
     <span class='ocr_line' id='line_1_37' title="bbox 117 4221 1397 4289; baseline 0.002 -20"><span class='ocrx_word' id='word_1_350' title='bbox 117 4221 269 4284; x_wconf 83' lang='lat' dir='ltr'>Theogonis</span> <span class='ocrx_word' id='word_1_351' title='bbox 296 4232 495 4273; x_wconf 86' lang='lat' dir='ltr'>commemorata</span> <span class='ocrx_word' id='word_1_352' title='bbox 522 4240 587 4274; x_wconf 90' lang='lat' dir='ltr'>esse.</span> <span class='ocrx_word' id='word_1_353' title='bbox 635 4224 686 4274; x_wconf 87' lang='lat' dir='ltr'>Sed</span> <span class='ocrx_word' id='word_1_354' title='bbox 713 4225 770 4288; x_wconf 88' lang='lat' dir='ltr'>ipsa</span> <span class='ocrx_word' id='word_1_355' title='bbox 799 4226 920 4274; x_wconf 82' lang='lat' dir='ltr'>carminis</span> <span class='ocrx_word' id='word_1_356' title='bbox 949 4225 1096 4289; x_wconf 87' lang='lat' dir='ltr'>theogonici</span> <span class='ocrx_word' id='word_1_357' title='bbox 1126 4224 1237 4272; x_wconf 84' lang='lat' dir='ltr'>strictior</span> <span class='ocrx_word' id='word_1_358' title='bbox 1263 4224 1345 4273; x_wconf 90' lang='lat' dir='ltr'>forma</span> <span class='ocrx_word' id='word_1_359' title='bbox 1371 4233 1397 4273; x_wconf 92' lang='lat' dir='ltr'>et</span> 
     </span>
     <span class='ocr_line' id='line_1_38' title="bbox 116 4308 1396 4373; baseline 0.003 -19"><span class='ocrx_word' id='word_1_360' title='bbox 116 4308 228 4369; x_wconf 88' lang='lat' dir='ltr'>pressior</span> <span class='ocrx_word' id='word_1_361' title='bbox 252 4309 373 4355; x_wconf 86' lang='lat' dir='ltr'>decursus</span> <span class='ocrx_word' id='word_1_362' title='bbox 396 4309 496 4357; x_wconf 82' lang='lat' dir='ltr'>ridetur</span> <span class='ocrx_word' id='word_1_363' title='bbox 518 4319 611 4370; x_wconf 89' lang='lat' dir='ltr'>vetare,</span> <span class='ocrx_word' id='word_1_364' title='bbox 636 4311 771 4373; x_wconf 90' lang='lat' dir='ltr'>quominus</span> <span class='ocrx_word' id='word_1_365' title='bbox 794 4309 918 4371; x_wconf 89' lang='lat' dir='ltr'>ejusmodi</span> <span class='ocrx_word' id='word_1_366' title='bbox 940 4310 1010 4373; x_wconf 86' lang='lat' dir='ltr'>longi</span> <span class='ocrx_word' id='word_1_367' title='bbox 1033 4323 1165 4368; x_wconf 88' lang='lat' dir='ltr'>excursus,</span> <span class='ocrx_word' id='word_1_368' title='bbox 1189 4309 1278 4371; x_wconf 87' lang='lat' dir='ltr'>quales</span> <span class='ocrx_word' id='word_1_369' title='bbox 1300 4309 1328 4356; x_wconf 89' lang='lat' dir='ltr'>in</span> <span class='ocrx_word' id='word_1_370' title='bbox 1346 4309 1396 4358; x_wconf 86' lang='lat' dir='ltr'>lle·</span> 
     </span>
     <span class='ocr_line' id='line_1_39' title="bbox 117 4392 1012 4458; baseline 0.006 -20"><span class='ocrx_word' id='word_1_371' title='bbox 117 4393 184 4440; x_wconf 90' lang='lat' dir='ltr'>siodi</span> <span class='ocrx_word' id='word_1_372' title='bbox 203 4392 329 4455; x_wconf 84' lang='lat' dir='ltr'>Operibus</span> <span class='ocrx_word' id='word_1_373' title='bbox 348 4392 444 4454; x_wconf 90' lang='lat' dir='ltr'>insunt,</span> <span class='ocrx_word' id='word_1_374' title='bbox 462 4394 607 4443; x_wconf 88' lang='lat' dir='ltr'>inserantur</span> <span class='ocrx_word' id='word_1_375' title='bbox 624 4402 763 4458; x_wconf 87' lang='lat' dir='ltr'>perpetuae</span> <span class='ocrx_word' id='word_1_376' title='bbox 781 4394 929 4445; x_wconf 89' lang='lat' dir='ltr'>narrationi.</span> <span class='ocrx_word' id='word_1_377' title='bbox 1010 4418 1012 4422; x_wconf 95' lang='lat'>·</span> 
     </span>
    </p>
   </div>
   <div class='ocr_carea' id='block_1_8' title="bbox 0 0 1524 4988">
    <p class='ocr_par' dir='ltr' id='par_1_11' title="bbox 0 0 1524 4988">
     <span class='ocr_line' id='line_1_40' title="bbox 0 0 1524 4988; baseline 0 0"><span class='ocrx_word' id='word_1_378' title='bbox 0 0 1524 4988; x_wconf 95' lang='lat' dir='ltr'> </span> 
     </span>
    </p>
   </div>
  </div>
 </body>
</html>
