3038 4988
685 255 855 348 —Q—

131 453 238 537 ipsum
249 455 392 517 carmina
407 454 524 517 fecisse
540 453 697 517 anemine
708 454 794 536 quod
810 452 912 516 sciam
927 451 1084 514 traditum
1102 451 1156 528 sit,
1175 456 1209 513 et
1225 472 1296 513 eum
1314 472 1411 533 argu-

131 579 280 635 mentum
295 573 505 656 Theogoniae
527 572 568 635 ab
585 572 758 636 Hellanico
775 571 976 655 compositae
992 570 1137 654 pedestri
1154 569 1299 633 oratione
1319 591 1412 633 enar·

131 691 253 755 ravisse
275 698 449 776 propterea
467 692 662 755 sumendum
687 690 834 768 nonsit,
861 690 948 772 quod
973 690 1078 752 multo
1103 695 1180 752 ante
1201 688 1412 751 Hellanieum

131 810 225 889 vixit,
244 811 463 874 secludendus
478 810 610 873 videtur
626 811 665 873 ab
684 813 745 873 hac
761 809 1013 893 disceptatione.
1047 808 1175 871 Deinde
1192 807 1412 897 Hieronymus

132 930 324 1008 Cardianus,
335 929 403 1011 ¹qui
408 929 521 1012 primis
528 928 773 992 Diadochorum
780 928 984 1013 temporibus
989 927 1074 990 vixit
1081 933 1231 990 eteorum
1240 926 1413 990 historiam

132 1047 296 1130 scripsit,'
312 1049 368 1112 vix
383 1049 410 1110 is
421 1056 502 1126 erat,
520 1048 638 1131 quivel
649 1048 690 1111 ad
700 1048 908 1111 scribendum
918 1046 1154 1130 theogonicum
1167 1067 1297 1109 carmen
1307 1046 1359 1109 vel
1370 1046 1414 1109 ad

131 1167 572 1230 eruendamPhoeniceorum
580 1167 787 1230 sacerdotum
796 1166 1130 1229 doctrinamanimum
1144 1165 1326 1228 induceret.
1351 1166 1411 1227 So-

129 1287 181 1349 lus
197 1286 299 1369 igitur
314 1286 510 1369 relinquitur
525 1286 745 1369 Hieronymus
761 1285 960 1369 Aegyptius,
978 1287 1073 1369 cujus
1090 1286 1109 1347 J
1112 1287 1253 1366 osephus
1271 1283 1411 1346 mentio·

129 1426 204 1468 nem
213 1405 295 1468 facit
305 1405 421 1488 Antiq.
434 1405 461 1483 I,
475 1409 504 1483 3,
518 1410 552 1468 6:
571 1412 710 1491 Μέμνηται
720 1415 749 1472 δὲ
757 1410 861 1473 τούτων
876 1407 921 1488 (h.
934 1426 962 1467 e.
981 1405 1186 1488 cataclysmi)
1202 1411 1414 1490 καὶἹερώνυμος

130 1531 314 1610 ὁΑίγὺπτιος,
328 1533 343 1590 ὁ
357 1529 409 1611 τὴν
424 1534 609 1615 ἀρχαιολογίαν
623 1534 671 1610 τὴν
686 1534 834 1610 Φοινικικὴν
849 1535 1067 1611 συγγραψάμενος
1083 1530 1118 1587 et
1132 1525 1166 1600 Ι,
1188 1528 1223 1601 3,
1246 1526 1282 1586 9:
1309 1530 1414 1613 Μῶχός

128 1674 160 1710 τε
174 1648 363 1718 ααίἛοτιαῖος
377 1651 421 1711 καὶ
435 1653 501 1730 πρὸς
515 1653 603 1716 αὐτοῖς
617 1654 631 1710 ὁ
648 1648 789 1728 Αἰγύπτιος
799 1650 966 1729 Ἱερώνυμος.
1011 1643 1113 1725 Cujus
1132 1642 1165 1707 in
1181 1641 1414 1724 archaeologia

132 1761 321 1825 Phoenices
342 1761 443 1824 etiam
459 1762 703 1845 cosmogoniam
725 1768 908 1825 enarratam
924 1761 1041 1839 fuisse,
1065 1769 1100 1827 et
1115 1762 1309 1846 cataclysmi
1325 1783 1415 1824 com·

131 1881 325 1943 memoratio
347 1881 446 1944 docet
469 1888 504 1943 et
525 1882 596 1963 ejus
619 1903 692 1943 cum
714 1883 835 1944 Mooho
858 1881 1039 1945 contentio.
1085 1882 1162 1945 Non
1184 1880 1416 1945 veridissimile

130 1999 235 2083 igitur
259 2005 326 2078 est,
359 2000 621 2063 Hellanioum
646 1999 807 2082 quidem
836 2001 965 2083 ipsam
989 2000 1208 2083 scripsisse
1233 2002 1415 2083 Theogo-

130 2119 252 2197 niam,
278 2119 348 2181 sed
372 2119 522 2202 primae
543 2119 673 2201 partis
693 2119 900 2182 materiam
925 2141 970 2182 ex
990 2120 1226 2204 Hieronymi
1245 2119 1349 2182 libro
1375 2119 1414 2182 iu

129 2237 265 2322 patria
281 2261 351 2301 sua
366 2239 533 2321 vulgato
550 2251 590 2301 et
605 2239 800 2301 lectitato
817 2239 1132 2322 deprompsisse,
1155 2239 1213 2303 ita
1231 2246 1276 2302 ut
1296 2262 1413 2322 argu-

131 2363 303 2420 mentum
339 2356 588 2441 Hieronymi,
625 2380 761 2421 versus
796 2358 1001 2421 Hellanici
1037 2380 1123 2422 esse
1157 2359 1412 2423 videantur.⁸

132 2475 296 2539 Quoniam
320 2483 431 2539 autem
452 2477 583 2554 Graeci,
611 2499 692 2560 quae
717 2477 800 2540 ratio
825 2477 911 2539 inter
931 2479 991 2540 hos
1014 2478 1095 2541 duos
1120 2479 1278 2542 obscurae
1303 2478 1411 2542 famae

130 2594 279 2658 homines
290 2603 388 2674 esset,
405 2619 481 2659 mox
491 2618 557 2659 non
573 2597 670 2680 plane
680 2596 934 2678 perspiciebant,
951 2596 1048 2659 facile
1064 2598 1134 2660 fieri
1149 2597 1271 2680 potuit,
1288 2605 1327 2660 ut
1335 2604 1411 2661 tan·

131 2714 205 2777 dem
221 2715 415 2777 Damascius
436 2716 549 2778 ambos
570 2736 611 2777 ne
632 2715 778 2778 diversos
800 2715 928 2798 quidem
951 2715 1052 2781 fuisse
1075 2720 1161 2805 (εἴπερ
1182 2729 1220 2804 μὴ
1238 2725 1282 2785 καὶ
1302 2726 1413 2793 dedat<

129 2836 207 2916 ἐστιν)
224 2833 456 2917 suspicaretur.

200 3037 209 3066 ¹
229 3041 324 3089 Saldae
341 3058 362 3090 s.
381 3059 416 3100 ο.,
435 3044 514 3091 Pansa.
534 3044 557 3101 1,
577 3046 601 3101 9,
623 3047 667 3102 103
690 3047 728 3101 13,
749 3047 777 3102 93
797 3043 906 3092 Luciam
925 3043 1042 3093 Macrob.
1063 3063 1085 3094 ο,
1106 3049 1137 3091 22
1156 3045 1259 3107 aliique.

199 3122 330 3190 2«ῙουορΙι.
357 3144 378 3175 o.
398 3129 494 3190 Apion.
514 3129 538 3186 I,
558 3133 602 3175 23:
628 3122 790 3196 Ἱερώνυμος,
810 3126 823 3177 ὁ
842 3127 889 3195 τὴν
907 3127 964 3198 περὶ
981 3136 1032 3179 τῶν
1051 3127 1178 3200 διαδόχων
1198 3126 1306 3199 ἱστορίαν
1324 3146 1410 3198 ουγγε·

129 3212 241 3280 γραφὼς,
261 3209 329 3261 κατὰ
346 3209 389 3260 τὸν
408 3208 484 3261 αὐτὸν
503 3211 550 3279 μὲν
567 3212 599 3282 ἦν
613 3208 746 3281 Ἑκαταίῳ
765 3211 856 3283 χρόνον
875 3213 920 3277 (of.
935 3216 958 3273 I,
978 3219 1010 3261 22
1025 3233 1054 3278 ρ.
1073 3219 1118 3264 197
1138 3217 1177 3264 ed.
1192 3214 1319 3278 Baiter),
1338 3212 1411 3284 φίλος

131 3292 150 3346 δ’
170 3296 205 3347 ὢν
221 3291 365 3364 Ἀντιγόνου
383 3302 427 3348 τοῦ
448 3297 580 3366 βασιλέως,
599 3297 647 3365 τὴν
665 3295 756 3368 Συρίαν
776 3297 952 3372 ἐπετρόπευεν.

198 3378 209 3408 ³
228 3380 349 3431 Similiter
366 3383 485 3446 Zeller,
505 3385 524 3435 ί.
544 3403 566 3436 ο.
587 3386 610 3445 Ι,
631 3388 671 3435 71.

709 3978 872 4062 corrigas:

367 4152 419 4202 Sub
438 4151 514 4200 finem
532 4151 638 4200 indicis:
657 4151 805 4214 Hieronymi
823 4167 870 4214 pro
888 4152 1038 4201 Hierouimi.

366 4239 394 4286 P.
415 4243 429 4284 2
448 4253 474 4285 n.
493 4243 521 4285 2:
544 4233 642 4305 συνήθη
660 4251 706 4300 pro
725 4233 833 4306 ουνηθῆ.

366 4324 395 4372 P.
415 4329 429 4371 8
448 4339 472 4371 ν.
491 4327 519 4371 8:
538 4322 723 4384 imprudentiae
740 4337 787 4385 pro
805 4323 994 4386 imprudentia„

366 4409 395 4457 P.
417 4413 447 4455 13
466 4423 489 4455 ν.
511 4413 555 4455 13:
576 4406 713 4470 opponitur
729 4421 776 4470 pro
794 4408 921 4471 oponitur.

366 4494 405 4542 Ib.
424 4508 450 4541 n.
469 4498 485 4541 3
502 4500 625 4556 punctum
643 4492 778 4540 delendum
796 4492 863 4541 inter
880 4494 948 4555 Δ,οι
964 4493 1107 4544 Lobeckio.

366 4578 397 4626 P.
417 4582 449 4626 49
467 4592 491 4628 v.
514 4583 556 4627 12:
575 4577 726 4640 Theogonis
743 4591 789 4640 pro
807 4576 949 4642 'l'heognia
