3038 4988
743 189 760 249 5

668 274 839 283 ——n-n

114 393 185 476 quis
207 415 267 454 nos
288 397 382 454 vetat
404 397 554 473 quartam
572 389 697 472 fingere
718 389 881 472 fictaeque
902 389 967 452 duo
989 387 1168 451 versiculos
1191 387 1397 451 adscribere?

113 513 189 575 Non
205 510 431 588 Damascius,¹
455 509 594 593 quinon
616 531 688 572 eam
704 511 747 573 ob
770 531 902 573 causam
917 514 984 570 tres
1006 513 1139 570 tantum
1156 507 1279 589 Orphei
1300 509 1397 569 theo-

113 629 229 713 gonias
245 650 415 692 numerare
430 629 592 706 videatur,
611 629 699 711 quod
715 650 882 711 nunquam
896 627 1007 710 plures
1024 626 1125 704 suere,
1149 626 1208 689 sed
1224 625 1312 709 quod
1327 625 1397 709 ipse

113 772 179 812 non
198 751 309 832 plures
326 755 473 812 noverat.
512 747 643 811 Etenim
660 746 867 830 Rhapsodias
890 746 1022 829 quidem
1037 746 1176 828 legerat,
1201 746 1241 808 de
1257 743 1399 808 Eudemi

114 876 226 932 autem
256 876 291 930 et
314 866 480 930 Hellanici
510 866 714 950 genealogiis
744 866 846 930 refert
875 872 1023 943 tantum,
1057 887 1139 947 quae
1170 865 1210 928 de
1240 863 1280 927 iis
1311 863 1398 946 apud

114 988 299 1050 Eudemum
315 987 368 1050 vel
385 986 465 1048 alios
482 987 659 1069 scriptores
675 985 876 1050 invenerat.²
908 984 1007 1047 Ouod
1023 984 1051 1046 si
1065 983 1113 1047 ita
1129 990 1190 1062 est,
1208 982 1306 1046 facile
1323 1005 1398 1045 eum

115 1107 198 1169 aliae
215 1105 379 1188 Orphicae
400 1105 591 1187 theologiae
613 1105 851 1188 descriptiones
872 1104 987 1186 sugere
1003 1105 1213 1185 potuerunt.³
1251 1103 1303 1164 Ex
1318 1101 1398 1186 ipsis

116 1231 226 1288 autem
252 1224 380 1287 duobus
410 1224 558 1287 versibus
582 1231 714 1287 tantum
739 1224 848 1302 abest,
879 1231 917 1285 ut
942 1222 1066 1305 aliquid
1092 1221 1298 1304 cognationis
1325 1242 1399 1284 curn

116 1343 375 1426 fragmentorum
400 1343 669 1406 Proculianorum
700 1344 850 1406 doctrina
873 1342 1030 1424 indagare
1061 1362 1193 1423 queam,
1225 1347 1263 1402 ut
1289 1362 1329 1402 ex
1358 1339 1397 1402 iis

116 1461 286 1544 colligam,
312 1461 446 1524 Platoni
470 1461 556 1525 idem
583 1461 708 1545 Orphei
733 1485 814 1545 opus
840 1448 926 1544 quod
952 1461 1092 1523 Proculo
1117 1459 1306 1522 lectitatum
1332 1482 1398 1523 nou

116 1580 228 1643 luisse.
268 1579 402 1643 Etenim
425 1581 564 1664 primum
589 1581 653 1643 iam
674 1581 708 1643 id
734 1580 954 1664 suspicionem
975 1586 1102 1656 movet,
1130 1579 1217 1661 quod
1238 1579 1398 1642 Proculus

116 1699 326 1782 eiusdemque
352 1706 462 1762 sectae
488 1701 632 1763 asseclae
654 1701 746 1763 nullo
772 1700 846 1763 loco
871 1699 947 1761 illos
972 1721 1086 1761 versus
1110 1698 1259 1760 laudant.
1301 1697 1400 1760 Quod

117 1825 345 1900 argumentum
363 1841 380 1882 e
396 1818 529 1882 silentio
546 1819 688 1902 petitum
704 1819 738 1882 in
753 1821 816 1882 hac
833 1840 931 1881 causa
946 1824 1121 1901 propterea
1136 1839 1203 1880 non
1219 1817 1291 1879 leve
1309 1816 1399 1879 vide-

114 1943 181 2013 tur,
209 1938 294 2018 quod
317 1959 419 2020 paene
441 1937 634 2002 incredibile
656 1945 719 2017 est,
742 1939 921 2002 Proculum
942 1938 1052 1999 locum
1073 1935 1204 2018 utrique
1226 1936 1397 2018 magistro,

118 2056 250 2138 Orpheo
272 2078 310 2119 ac
325 2057 469 2136 Platoni,
492 2064 658 2139 questam
675 2079 771 2139 saepe
787 2057 821 2119 vi
836 2063 870 2119 et
885 2055 1085 2119 necessitate
1103 2054 1208 2118 eidem
1220 2056 1304 2137 jugo
1322 2054 1399 2118 sub-

112 2173 241 2257 jungit,
266 2196 471 2239 communem
492 2176 799 2259 praetermissurum
820 2175 936 2253 fuisse,
962 2174 1039 2257 quin
1060 2175 1195 2257 longam
1218 2173 1400 2236 orationem

116 2293 147 2356 ei
162 2293 325 2357 effuderit.
364 2294 458 2357 Unde
476 2295 639 2373 existimo,
657 2296 834 2359 Proculum
856 2294 890 2357 in
907 2295 1040 2377 Orpheo
1057 2316 1115 2356 suo
1133 2315 1188 2356 eos
1205 2313 1318 2356 versus
1333 2315 1401 2356 non

115 2412 248 2494 legisse.
281 2412 407 2476 Deinde
423 2421 534 2477 autem
551 2416 651 2478 verba

456 2531 580 2590 Ὠκεανὸς
597 2543 696 2606 πρῶτος
713 2532 866 2605 anthiphona
884 2533 944 2605 ἦρξε
963 2534 1052 2603 γάμοιο

114 2655 180 2695 non
196 2633 392 2716 significare,
409 2636 578 2698 Oceanum
594 2633 734 2718 primum
750 2634 836 2698 inter
852 2634 1014 2697 fratres⁴
1030 2632 1276 2697 matrimonium
1293 2632 1397 2710 iniise,

114 2774 192 2814 mox
208 2753 432 2816 demonstrare
449 2756 603 2817 conabor.
641 2754 684 2816 In
699 2777 763 2836 quo
780 2753 807 2816 si
829 2753 910 2817 felix
925 2753 1029 2830 fuero,
1054 2752 1093 2814 iis
1108 2754 1220 2814 nullus
1242 2751 1276 2815 in
1292 2753 1398 2815 Theo·

115 2871 213 2953 gonia
229 2871 424 2954 rhapsodica
439 2873 532 2935 locus
547 2872 754 2954 relinquitur,
773 2895 846 2936 cum
863 2872 897 2935 in
913 2894 951 2935 ea
967 2871 1064 2934 multi
1080 2871 1125 2934 dii
1141 2878 1217 2934 ante
1229 2872 1399 2935 Oceanum

114 2991 322 3054 matrimonia
337 2990 459 3054 ineant.

200 3108 288 3172 Ouid
304 3108 425 3192 igitur?
436 3111 618 3174 Nullumne
628 3111 715 3174 inter
728 3113 812 3174 hanc
823 3118 857 3174 et
866 3118 1012 3174 veterem
1024 3110 1173 3173 Platonis
1183 3109 1398 3192 theogeniam

114 3228 322 3310 cognationis
344 3228 512 3292 vinculum
533 3230 728 3294 intercedit?
757 3231 799 3294 Id
821 3230 993 3312 quominus
1016 3229 1124 3293 dicam
1145 3229 1230 3292 alter
1248 3227 1397 3292 Platonis

113 3347 206 3410 loeus
231 3369 283 3410 me
308 3348 453 3411 deterret
480 3349 554 3411 Tira.
578 3371 612 3429 p.
638 3353 678 3413 41
705 3351 760 3428 B.,
787 3371 884 3432 quem
908 3350 1032 3412 nollem
1056 3347 1298 3412 Lobeckius⁵
1327 3355 1399 3410 tam

116 3464 225 3529 obiter
245 3466 503 3550 perstrinxisset.
543 3469 670 3531 Summi
685 3469 772 3531 enim
792 3468 951 3531 momenti
968 3475 1029 3531 est.
1068 3467 1135 3530 Ubi
1157 3490 1230 3530 cum
1246 3466 1397 3530 Timaeus

114 3585 282 3648 denatura
300 3585 475 3649 visibilium
488 3593 522 3650 et
537 3587 725 3670 genitorum
741 3587 875 3650 deorum
892 3587 1023 3649 locutus
1035 3587 1210 3663 addiderit,
1229 3587 1268 3649 de
1280 3585 1397 3648 ceteris

113 3704 327 3768 daemonibus
344 3727 382 3768 ea
399 3706 560 3768 credenda
576 3727 658 3784 esse,
677 3728 759 3789 quae
775 3707 817 3769 ab
833 3704 912 3789 ipsis
929 3705 1065 3768 deorum
1079 3704 1156 3768 filiis
1179 3708 1263 3788 (θεῶν
1276 3714 1398 3789 ἐκγόνοις,

116 3958 119 3964 .
182 3908 242 3962 ¹L.
263 3930 285 3961 ο.
302 3930 332 3977 p.
352 3917 498 3962 cao-asa.

181 3992 191 4024 ²
210 3994 251 4044 Cf.
265 3997 392 4058 Zeller,
409 4000 461 4048 Die
472 3999 635 4062 Philosophia
653 4000 700 4048 der
714 3998 839 4048 Orientem
858 3997 895 4060 (2.
909 3999 990 4062 Aust„
1012 3997 1140 4060 Titbhrqen
1154 3994 1230 4058 1856)
1243 3997 1266 4054 I,
1281 3998 1312 4044 70
1326 3996 1359 4044 N.
1371 3999 1396 4042 3.

181 4077 192 4108 ³
209 4082 249 4130 Ac
267 4081 383 4145 profecto
401 4083 529 4146 fugerunt.
554 4083 621 4131 Nam
634 4083 664 4131 de
677 4083 812 4146 Apollonii
825 4083 920 4131 Rhodii
940 4082 1051 4147 (Argon.
1065 4083 1089 4141 Ι,
1102 4079 1249 4143 ese-511)
1263 4080 1397 4139 relatione,

113 4181 180 4228 quae
198 4182 214 4215 a
232 4167 312 4215 tribus
332 4183 396 4230 quas
414 4168 484 4216 novit
501 4167 660 4231 Theogoniis
679 4183 784 4232 prorsus
803 4169 942 4232 discrepat,
962 4183 1013 4217 non
1031 4167 1137 4217 verbum
1154 4167 1247 4214 muttit.

181 4249 193 4281 ⁴
212 4251 256 4301 Sic
273 4253 468 4302 Lobeekius
486 4253 667 4317 interpretatur
685 4240 748 4318 Agyl.
764 4272 794 4319 p.
815 4259 873 4303 508.

180 4333 191 4364 ⁶
209 4339 272 4402 Ayl.
288 4357 317 4403 p.
339 4343 397 4387 510.
