3038 4988
788 217 829 279 34

168 432 262 512 χρόνος
276 430 352 497 οὗτος
367 434 381 493 ὁ
397 433 504 511 δράκων
523 434 600 508 γεννᾷ
614 431 662 507 τὴν
675 433 784 507 τριπλῆν
801 429 877 505 γονὴν
893 425 989 505 αἰθέρα
1009 426 1075 507 φησὶ
1089 426 1179 503 νοερὸν
1199 426 1244 485 καὶ
1257 427 1325 507 χάος
1346 424 1455 503 σ’ίπειρσν

168 549 213 608 καὶ
228 549 321 628 ἔρεβος
335 552 494 632 ὁμιχλώδες.
531 539 589 603 Sin
605 539 766 602 Hercules
783 561 849 601 non
865 544 917 600 est
931 539 1073 616 Phanes,
1091 536 1191 600 etiam
1207 538 1348 600 alterum
1365 535 1454 619 quod

168 660 390 724 Lobeokius
402 661 522 738 affert,¹
535 659 828 740 „interutrumque
838 656 1122 740 Cosmographum
1132 657 1232 719 etiam
1239 658 1302 720 hoe
1311 655 1451 734 differre,

169 780 258 862 quod
272 779 494 863 Hieronymus
519 779 580 841 deo
606 800 664 841 suo
691 779 735 861 (h.
763 799 792 840 e.
811 776 954 858 Chrono)
980 776 1119 839 formam
1144 775 1305 858 serpentis
1331 782 1366 838 et
1388 775 1454 838 tria

169 898 289 962 diversi
304 898 434 982 generis
452 898 560 982 capita
576 897 726 980 affingat,
743 895 801 959 ille
811 903 923 959 antem
939 895 1040 978 oapiti
1056 894 1244 979 serpentino
1256 895 1325 958 sive
1340 893 1453 978 potius

169 1017 385 1102 serpentifero
417 1018 473 1080 ilia
503 1017 641 1080 taurinis
672 1015 836 1099 capitibus
867 1015 976 1078 oinota
1008 1014 1232 1098 subjungat,“
1261 1036 1395 1098 prorsus
1419 1013 1454 1076 in

170 1160 298 1200 cassum
314 1136 443 1214 recidit,
467 1158 542 1200 oum
557 1137 597 1199 de
620 1135 757 1199 diversis
774 1135 861 1219 apud
881 1141 1058 1214 utrumque
1075 1134 1136 1196 diis
1159 1155 1265 1197 sermo
1288 1133 1344 1196 sit.
1382 1133 1453 1196 Ita·

169 1277 231 1340 que
256 1255 339 1319 nihil
364 1256 444 1318 mihi
468 1256 600 1319 videt-ur
624 1256 768 1333 obstare,
802 1253 975 1336 quominus
1000 1253 1157 1330 Phaneti,
1190 1253 1250 1315 deo
1277 1263 1396 1338 ὠογενεῖ,
1419 1252 1454 1314 in

168 1374 363 1460 Hieronymi
378 1376 569 1458 'Pheogonia
590 1375 710 1438 iustam
728 1379 761 1437 et
777 1373 962 1456 legitimam
977 1373 1088 1436 sedem
1112 1373 1329 1435 ooneedamus
1346 1374 1453 1435 Athe·

168 1516 391 1578 nagoramque
409 1516 483 1557 oum
500 1501 696 1557 catenatum
714 1515 762 1572 ea,
786 1515 868 1576 quae
885 1493 925 1556 de
942 1494 1005 1555 hoe
1022 1492 1081 1555 deo
1099 1492 1229 1574 prodat,
1253 1512 1348 1554 exea
1370 1491 1455 1554 sola

169 1613 334 1697 aoeepisse
356 1613 568 1677 affirmemus
610 1613 709 1677 Quod
730 1613 758 1675 si
778 1613 826 1675 ita
849 1621 913 1690 est,
941 1611 1038 1675 faoile
1055 1611 1126 1675 fieri
1146 1610 1271 1693 potuit,
1299 1617 1337 1672 ut
1354 1609 1453 1672 etiam

169 1732 346 1796 Tatianus'
369 1734 557 1816 apologeta,
584 1733 640 1815 qui
660 1732 758 1816 paulo
784 1739 861 1794 ante
883 1734 1135 1813 Athenagoram
1157 1729 1337 1792 orationem
1361 1751 1455 1792 suam

168 1852 324 1915 adversus
350 1851 493 1915 Graecos
519 1851 638 1929 edidit,
670 1873 709 1914 ex
735 1852 849 1914 eadem
874 1852 1025 1914 scatebra
1051 1849 1271 1913 narrationem
1296 1848 1336 1911 de
1361 1847 1455 1910 Jovis

168 1971 298 2034 inoestu
313 1971 470 2034 hauriret.
510 1971 718 2053 Quamquam
734 1971 834 2034 verba
852 1976 963 2059 Ὀρφεὺς
976 1977 1060 2055 θύρας
1076 1974 1100 2037 δ’
1118 1977 1248 2036 ἐπιθεσθε
1264 1977 1373 2054 βέβηλοι
1387 1990 1454 2031 non

169 2091 210 2153 ad
231 2090 468 2173 Theogoniam,
493 2090 551 2153 sed
573 2091 614 2153 ad
631 2089 834 2153 Palinodiam
858 2088 1035 2172 Orphieam
1057 2087 1246 2154 referendae
1269 2087 1455 2150 videntur.³

168 2209 235 2272 Sed
245 2208 385 2272 fortasse
396 2209 630 2292 Hieronymus,
648 2207 947 2292 oumtheogoniam
963 2208 1023 2271 sub
1036 2207 1159 2291 Orphei
1169 2206 1301 2269 nomine
1312 2205 1455 2270 seribere

168 2327 313 2390 animum
329 2327 510 2405 induceret,
534 2327 665 2391 initium
682 2327 822 2391 canendi
837 2326 998 2411 optimum
1015 2326 1078 2390 sibi
1093 2327 1163 2390 fore
1178 2325 1321 2409 putavit,
1345 2326 1372 2388 si
1387 2326 1455 2389 isto

166 2446 378 2510 celeberrimo
395 2447 481 2510 vati's
503 2447 631 2530 antiqui
646 2450 761 2510 versu⁴
784 2471 863 2510 usus
879 2448 1021 2509 lectores
1045 2447 1085 2509 ad
1103 2469 1234 2510 oarmen
1252 2445 1453 2510 audiendum

166 2565 334 2629 invitaret
382 2565 441 2628 Cui
474 2566 604 2653 quidem
631 2566 777 2649 opinioni
806 2566 972 2657 idfavet,
1005 2566 1092 2648 quod
1124 2565 1224 2630 etiam
1239 2568 1452 2645 Plutarchus

166 2685 311 2748 Theonis
336 2683 506 2748 familiaris
533 2685 661 2773 etipse
683 2686 892 2764 Platonicus,
918 2685 952 2749 in
971 2685 1134 2770 ΙΟοανίνῑο
1160 2709 1218 2749 suo
1244 2711 1308 2751 uno
1335 2685 1454 2770 spiritu

166 2804 250 2867 illud
272 2804 363 2868 Sacri
388 2803 546 2867 sermonis
570 2804 705 2888 Orphioi
732 2805 902 2868 exordium
927 2813 961 2867 et
978 2805 1103 2887 Orphei
1128 2806 1168 2869 de
1190 2809 1261 2871 Ovo
1287 2805 1454 2869 mundano

166 2923 351 2986 doctrinam
368 2931 603 2987 OOmmemOI'ab
618 2923 743 2987 verbis:
774 2931 866 2994 Ἀείσο)
882 2937 1009 2993 συνετοῖσι
1028 2933 1073 2992 τὸν
1083 2931 1212 3013 Ὀρφικὸν
1225 2936 1270 2995 καὶ
1284 2935 1354 3012 ἱερὸν
1368 2933 1454 3010 λόγον,

165 3052 194 3118 d<
217 3050 266 3111 οὖν
288 3047 392 3127 ὄρνιθος
415 3051 494 3130 μόνον
513 3052 543 3111 τὸ
568 3053 622 3111 ὠὸν
643 3053 783 3131 ἀποφαίνει
807 3050 995 3129 πρεσβύτερον,
1019 3053 1153 3112 ἀλλὰκαὶ
1177 3055 1282 3114 ἅπασαν
1303 3053 1379 3130 αὐτῷ
1401 3057 1455 3112 τῶν

166 3171 288 3230 ἁπάντων
301 3171 503 3247 πρεσβυγένειαν
518 3170 663 3265 ἀνατίθησι.

252 3279 350 3342 Quod
375 3279 478 3362 igitur
502 3281 542 3343 ad
567 3302 622 3345 eas
647 3280 911 3364 Rhapsodiarum
935 3288 1046 3365 partes
1073 3283 1209 3362 attinet,
1240 3283 1298 3347 ubi
1321 3284 1454 3346 Phanes

235 3519 325 3586 1Αρλ.
342 3539 372 3586 p.
393 3527 451 3570 485.

234 3603 244 3634 ²
263 3602 344 3675 Λόγος
361 3624 403 3677 πρ.
417 3600 495 3658 Ἕλλ.
516 3625 537 3657 e.
559 3614 573 3657 6
588 3626 618 3673 ρ.
643 3615 690 3658 251
712 3606 778 3666 Ζεὺς
797 3607 903 3681 θυγατρὶ
921 3607 1061 3680 συγγίνεται
1078 3608 1123 3660 καὶ
1141 3608 1159 3678 ἡ
1178 3606 1293 3679 θυγάτηρ
1313 3604 1353 3659 ἀπ’
1373 3606 1452 3660 αὐτοῦ

165 3692 235 3743 ader·
255 3691 411 3762 μαρτυρήσει
429 3709 472 3759 μοι
487 3688 603 3751 Ἐλευσὶς
620 3695 664 3746 ααὶ
688 3695 789 3766 δράκων
808 3695 821 3747 ὁ
846 3696 965 3764 μυστικὸς
988 3695 1033 3747 καὶ
1049 3690 1157 3767 Ὀρφεὺς
1181 3693 1261 3766 θύρας
1285 3691 1305 3745 δ’
1330 3691 1451 3746 ἐπίθεσθε

167 3775 273 3846 βέβηλοι
290 3775 382 3845 λέγων,
402 3777 435 3826 ef.
454 3780 582 3842 Atheneo.
603 3781 622 3830 l.
643 3799 665 3830 e.
685 3796 708 3830 o.
728 3786 760 3830 20
780 3790 805 3831 et
819 3787 865 3844 ¹32.

235 3858 245 3889 ³
264 3860 304 3910 cf.
323 3863 386 3926 Agl.
402 3880 432 3927 p.
452 3869 511 3924 489,
531 3869 581 3913 450
593 3882 631 3931 oq.

234 3944 245 3974 ⁴
262 3947 363 3996 Veteris
372 3942 455 4017 Ἱεροῦ
469 3946 544 4017 λόγου
558 3951 691 3999 exordium
703 3951 771 4001 hune
783 3967 886 4001 versum
898 3952 978 4002 fuisse
991 3953 1044 4001 iam
1056 3968 1071 4001 a
1083 3952 1190 4002 Platone
1204 3954 1303 4019 (Symp.
1314 3969 1343 4017 ρ.
1357 3951 1450 4016 21813)

165 4042 267 4092 notum,
292 4033 383 4096 probat
405 4032 610 4096 Lobeekius,
633 4037 696 4102 Agl.
712 4056 742 4103 ρ.
762 4043 813 4087 450
825 4055 863 4103 sq.
883 4066 917 4075 -
936 4037 1091 4088 Gisekiua
1114 4047 1140 4088 et
1158 4037 1343 4089 Gerhardus
1367 4039 1453 4102 ipsum

162 4113 243 4189 Ἱερὸν
262 4117 336 4188 λόγον
355 4119 533 4182 Theogoniam
556 4120 636 4171 fnisse
658 4130 756 4185 putant.
795 4121 870 4183 Quod
889 4124 912 4172 ei
929 4125 966 4173 ita
984 4132 1060 4184 esset,
1083 4123 1159 4173 facile
1181 4125 1341 4188 prooemium
1359 4123 1451 4172 veteris

165 4205 332 4268 Theogoniae
351 4205 383 4254 ab
401 4205 550 4255 recentioris
569 4207 736 4270 Theogoniae
755 4215 858 4258 anctore
876 4209 957 4272 repeti
978 4209 1113 4272 potuisset.
1151 4209 1202 4259 Sed
1220 4225 1318 4270 vereor,
1337 4216 1365 4257 ut
1382 4217 1451 4258 reete

165 4293 200 4340 ita
219 4292 330 4341 dixerint
349 4292 403 4356 (ef,
422 4306 488 4354 quae
506 4291 574 4342 infra
593 4294 615 4356 ξ.
636 4299 651 4342 8
669 4294 718 4344 hae
737 4295 768 4344 de
785 4310 813 4345 re
832 4294 982 4359 apponam).

234 4372 348 4442 ὁθριαρ.
369 4378 387 4427 l.
408 4379 448 4435 II,
466 4382 491 4425 3.
511 4383 536 4426 2.
