<?xml version="1.0" encoding="UTF-8"?>
<!DOCTYPE html PUBLIC "-//W3C//DTD XHTML 1.0 Transitional//EN"
    "http://www.w3.org/TR/xhtml1/DTD/xhtml1-transitional.dtd">
<html xmlns="http://www.w3.org/1999/xhtml" xml:lang="en" lang="en">
 <head>
  <title>
</title>
<meta http-equiv="Content-Type" content="text/html;charset=utf-8" />
  <meta name='ocr-system' content='tesseract 3.04.00' />
  <meta name='ocr-capabilities' content='ocr_page ocr_carea ocr_par ocr_line ocrx_word'/>
</head>
<body>
  <div class='ocr_page' id='page_1' title='image "./deveterisorphic01schugoog_0099.png"; bbox 0 0 3038 4988; ppageno 0'>
   <div class='ocr_carea' id='block_1_1' title="bbox 691 239 861 338">
    <p class='ocr_par' dir='ltr' id='par_1_1' title="bbox 691 239 861 338">
     <span class='ocr_line' id='line_1_1' title="bbox 691 239 861 338; baseline 0 -40"><span class='ocrx_word' id='word_1_1' title='bbox 691 239 861 338; x_wconf 50' lang='lat' dir='ltr'>...Q-.-</span> 
     </span>
    </p>
   </div>
   <div class='ocr_carea' id='block_1_2' title="bbox 69 441 1421 2187">
    <p class='ocr_par' dir='ltr' id='par_1_2' title="bbox 138 441 1420 1954">
     <span class='ocr_line' id='line_1_2' title="bbox 138 441 1417 528; baseline -0.002 -20"><span class='ocrx_word' id='word_1_2' title='bbox 138 451 231 527; x_wconf 88' lang='lat' dir='ltr'><strong>patre</strong></span> <span class='ocrx_word' id='word_1_3' title='bbox 248 445 383 507; x_wconf 90' lang='lat' dir='ltr'><strong>deorum</strong></span> <span class='ocrx_word' id='word_1_4' title='bbox 399 445 441 508; x_wconf 90' lang='lat' dir='ltr'><strong>ad</strong></span> <span class='ocrx_word' id='word_1_5' title='bbox 457 444 635 528; x_wconf 89' lang='lat' dir='ltr'><strong>cujuslibet</strong></span> <span class='ocrx_word' id='word_1_6' title='bbox 653 443 836 507; x_wconf 88' lang='lat' dir='ltr'><strong>humilioris</strong></span> <span class='ocrx_word' id='word_1_7' title='bbox 857 442 1026 527; x_wconf 89' lang='lat' dir='ltr'><strong>potentiae</strong></span> <span class='ocrx_word' id='word_1_8' title='bbox 1048 441 1246 525; x_wconf 82' lang='lat' dir='ltr'><strong>dignitatem</strong></span> <span class='ocrx_word' id='word_1_9' title='bbox 1265 442 1417 525; x_wconf 84' lang='lat' dir='ltr'>redigere</span> 
     </span>
     <span class='ocr_line' id='line_1_3' title="bbox 138 561 1417 646; baseline -0.002 -20"><span class='ocrx_word' id='word_1_10' title='bbox 138 563 194 626; x_wconf 84' lang='lat' dir='ltr'><strong>vix</strong></span> <span class='ocrx_word' id='word_1_11' title='bbox 209 563 350 627; x_wconf 61' lang='grc' dir='ltr'><strong>Ιὶοοοοά.ι</strong></span> <span class='ocrx_word' id='word_1_12' title='bbox 373 564 492 646; x_wconf 87' lang='lat' dir='ltr'><strong>ltaque</strong></span> <span class='ocrx_word' id='word_1_13' title='bbox 508 586 574 626; x_wconf 88' lang='lat' dir='ltr'><strong>non</strong></span> <span class='ocrx_word' id='word_1_14' title='bbox 588 563 669 626; x_wconf 88' lang='lat' dir='ltr'><strong>raris</strong></span> <span class='ocrx_word' id='word_1_15' title='bbox 681 563 865 627; x_wconf 89' lang='lat' dir='ltr'><strong>Hesiodeae</strong></span> <span class='ocrx_word' id='word_1_16' title='bbox 878 561 1088 644; x_wconf 79' lang='lat' dir='ltr'><strong>Theogoniae</strong></span> <span class='ocrx_word' id='word_1_17' title='bbox 1105 562 1274 646; x_wconf 84' lang='lat' dir='ltr'><strong>exemplis,</strong></span> <span class='ocrx_word' id='word_1_18' title='bbox 1289 561 1349 625; x_wconf 94' lang='lat' dir='ltr'><strong>ubi</strong></span> <span class='ocrx_word' id='word_1_19' title='bbox 1363 562 1417 625; x_wconf 91' lang='lat' dir='ltr'><strong>vel</strong></span> 
     </span>
     <span class='ocr_line' id='line_1_4' title="bbox 139 681 1418 766; baseline 0 -22"><span class='ocrx_word' id='word_1_20' title='bbox 139 682 260 745; x_wconf 86' lang='lat' dir='ltr'><strong>Coelus</strong></span> <span class='ocrx_word' id='word_1_21' title='bbox 283 684 336 746; x_wconf 89' lang='lat' dir='ltr'><strong>vel</strong></span> <span class='ocrx_word' id='word_1_22' title='bbox 361 685 520 745; x_wconf 87' lang='lat' dir='ltr'><strong>Saturnus</strong></span> <span class='ocrx_word' id='word_1_23' title='bbox 543 682 596 745; x_wconf 88' lang='lat' dir='ltr'><strong>vel</strong></span> <span class='ocrx_word' id='word_1_24' title='bbox 619 682 748 766; x_wconf 87' lang='lat' dir='ltr'><strong>Jupiter</strong></span> <span class='ocrx_word' id='word_1_25' title='bbox 770 704 842 759; x_wconf 89' lang='lat' dir='ltr'><strong>eos,</strong></span> <span class='ocrx_word' id='word_1_26' title='bbox 868 704 949 765; x_wconf 89' lang='lat' dir='ltr'><strong>quos</strong></span> <span class='ocrx_word' id='word_1_27' title='bbox 974 682 1182 758; x_wconf 71' lang='lat' dir='ltr'><strong>metuebant,</strong></span> <span class='ocrx_word' id='word_1_28' title='bbox 1209 681 1418 744; x_wconf 88' lang='lat' dir='ltr'><strong>desorbuisse</strong></span> 
     </span>
     <span class='ocr_line' id='line_1_5' title="bbox 139 799 1418 885; baseline -0.002 -21"><span class='ocrx_word' id='word_1_29' title='bbox 139 801 304 879; x_wconf 89' lang='lat' dir='ltr'><strong>dicuntur,</strong></span> <span class='ocrx_word' id='word_1_30' title='bbox 322 801 418 865; x_wconf 89' lang='lat' dir='ltr'><strong>facile</strong></span> <span class='ocrx_word' id='word_1_31' title='bbox 434 801 553 865; x_wconf 90' lang='lat' dir='ltr'><strong>adduci</strong></span> <span class='ocrx_word' id='word_1_32' title='bbox 568 801 688 885; x_wconf 92' lang='lat' dir='ltr'><strong>potuit,</strong></span> <span class='ocrx_word' id='word_1_33' title='bbox 707 808 745 864; x_wconf 93' lang='lat' dir='ltr'><strong>ut</strong></span> <span class='ocrx_word' id='word_1_34' title='bbox 758 802 942 864; x_wconf 86' lang='lat' dir='ltr'><strong>Phanetem</strong></span> <span class='ocrx_word' id='word_1_35' title='bbox 958 821 1086 882; x_wconf 91' lang='lat' dir='ltr'><strong>quoque</strong></span> <span class='ocrx_word' id='word_1_36' title='bbox 1102 800 1217 863; x_wconf 88' lang='lat' dir='ltr'><strong>eadem</strong></span> <span class='ocrx_word' id='word_1_37' title='bbox 1232 799 1359 863; x_wconf 85' lang='lat' dir='ltr'><strong>ratione</strong></span> <span class='ocrx_word' id='word_1_38' title='bbox 1376 800 1418 863; x_wconf 91' lang='lat' dir='ltr'><strong>de</strong></span> 
     </span>
     <span class='ocr_line' id='line_1_6' title="bbox 138 919 1419 1005; baseline -0.001 -23"><span class='ocrx_word' id='word_1_39' title='bbox 138 920 245 983; x_wconf 92' lang='lat' dir='ltr'><strong>medio</strong></span> <span class='ocrx_word' id='word_1_40' title='bbox 267 921 434 984; x_wconf 67' lang='lat' dir='ltr'><strong>‘tolleret&#39;</strong></span> <span class='ocrx_word' id='word_1_41' title='bbox 464 922 636 983; x_wconf 90' lang='lat' dir='ltr'><strong>Postremo</strong></span> <span class='ocrx_word' id='word_1_42' title='bbox 657 920 685 982; x_wconf 89' lang='lat' dir='ltr'><strong>si</strong></span> <span class='ocrx_word' id='word_1_43' title='bbox 707 920 779 1003; x_wconf 90' lang='lat' dir='ltr'><strong>quis</strong></span> <span class='ocrx_word' id='word_1_44' title='bbox 801 919 901 983; x_wconf 89' lang='lat' dir='ltr'><strong>etiam</strong></span> <span class='ocrx_word' id='word_1_45' title='bbox 920 919 1011 982; x_wconf 92' lang='lat' dir='ltr'><strong>illam</strong></span> <span class='ocrx_word' id='word_1_46' title='bbox 1035 925 1160 1005; x_wconf 81' lang='grc' dir='ltr'>Ἀνάγκην</span> <span class='ocrx_word' id='word_1_47' title='bbox 1180 940 1254 981; x_wconf 89' lang='lat' dir='ltr'><strong>cum</strong></span> <span class='ocrx_word' id='word_1_48' title='bbox 1273 919 1419 982; x_wconf 80' lang='lat' dir='ltr'>Hercule</span> 
     </span>
     <span class='ocr_line' id='line_1_7' title="bbox 140 1037 1419 1122; baseline -0.002 -20"><span class='ocrx_word' id='word_1_49' title='bbox 140 1039 351 1122; x_wconf 88' lang='lat' dir='ltr'><strong>conjunctam</strong></span> <span class='ocrx_word' id='word_1_50' title='bbox 367 1061 407 1102; x_wconf 89' lang='lat' dir='ltr'><strong>ex</strong></span> <span class='ocrx_word' id='word_1_51' title='bbox 423 1039 562 1122; x_wconf 87' lang='lat' dir='ltr'><strong>alicujus</strong></span> <span class='ocrx_word' id='word_1_52' title='bbox 579 1039 683 1102; x_wconf 87' lang='lat' dir='ltr'><strong>Stoici</strong></span> <span class='ocrx_word' id='word_1_53' title='bbox 699 1040 831 1102; x_wconf 91' lang='lat' dir='ltr'><strong>cerebro</strong></span> <span class='ocrx_word' id='word_1_54' title='bbox 851 1044 956 1102; x_wconf 90' lang='lat' dir='ltr'><strong>ortam</strong></span> <span class='ocrx_word' id='word_1_55' title='bbox 978 1059 1049 1102; x_wconf 90' lang='lat' dir='ltr'><strong>esse</strong></span> <span class='ocrx_word' id='word_1_56' title='bbox 1072 1037 1207 1116; x_wconf 78' lang='lat' dir='ltr'><strong>dixerit,</strong></span> <span class='ocrx_word' id='word_1_57' title='bbox 1229 1061 1296 1100; x_wconf 89' lang='lat' dir='ltr'><strong>non</strong></span> <span class='ocrx_word' id='word_1_58' title='bbox 1315 1037 1419 1101; x_wconf 88' lang='lat' dir='ltr'><strong>refra-</strong></span> 
     </span>
     <span class='ocr_line' id='line_1_8' title="bbox 138 1155 1419 1242; baseline -0.002 -22"><span class='ocrx_word' id='word_1_59' title='bbox 138 1159 274 1240; x_wconf 83' lang='lat' dir='ltr'><strong>gabor.³</strong></span> <span class='ocrx_word' id='word_1_60' title='bbox 305 1157 513 1240; x_wconf 76' lang='lat' dir='ltr'><strong>Quamquam</strong></span> <span class='ocrx_word' id='word_1_61' title='bbox 528 1159 568 1221; x_wconf 92' lang='lat' dir='ltr'><strong>de</strong></span> <span class='ocrx_word' id='word_1_62' title='bbox 586 1160 648 1221; x_wconf 91' lang='lat' dir='ltr'><strong>hoc</strong></span> <span class='ocrx_word' id='word_1_63' title='bbox 664 1157 809 1221; x_wconf 88' lang='lat' dir='ltr'><strong>dubitari</strong></span> <span class='ocrx_word' id='word_1_64' title='bbox 823 1163 951 1242; x_wconf 91' lang='lat' dir='ltr'><strong>potest,</strong></span> <span class='ocrx_word' id='word_1_65' title='bbox 975 1178 1049 1220; x_wconf 92' lang='lat' dir='ltr'><strong>cum</strong></span> <span class='ocrx_word' id='word_1_66' title='bbox 1065 1163 1099 1220; x_wconf 91' lang='lat' dir='ltr'><strong>et</strong></span> <span class='ocrx_word' id='word_1_67' title='bbox 1118 1155 1174 1222; x_wconf 87' lang='lat' dir='ltr'><strong>alii</strong></span> <span class='ocrx_word' id='word_1_68' title='bbox 1193 1163 1269 1221; x_wconf 89' lang='lat' dir='ltr'><strong>aute</strong></span> <span class='ocrx_word' id='word_1_69' title='bbox 1287 1156 1419 1219; x_wconf 84' lang='lat' dir='ltr'><strong>Stoicos</strong></span> 
     </span>
     <span class='ocr_line' id='line_1_9' title="bbox 139 1275 1418 1364; baseline -0.001 -25"><span class='ocrx_word' id='word_1_70' title='bbox 139 1276 337 1340; x_wconf 88' lang='lat' dir='ltr'><strong>Adrasteam</strong></span> <span class='ocrx_word' id='word_1_71' title='bbox 354 1276 406 1340; x_wconf 88' lang='lat' dir='ltr'><strong>vel</strong></span> <span class='ocrx_word' id='word_1_72' title='bbox 421 1282 592 1364; x_wconf 71' lang='grc' dir='ltr'>Εἱμαρμένην</span> <span class='ocrx_word' id='word_1_73' title='bbox 605 1278 660 1339; x_wconf 87' lang='lat' dir='ltr'><strong>vel</strong></span> <span class='ocrx_word' id='word_1_74' title='bbox 677 1284 801 1363; x_wconf 75' lang='grc' dir='ltr'>Ἀνάγκην</span> <span class='ocrx_word' id='word_1_75' title='bbox 814 1275 936 1359; x_wconf 83' lang='lat' dir='ltr'>insigni</span> <span class='ocrx_word' id='word_1_76' title='bbox 951 1276 1025 1339; x_wconf 92' lang='lat' dir='ltr'><strong>loco</strong></span> <span class='ocrx_word' id='word_1_77' title='bbox 1043 1297 1120 1338; x_wconf 91' lang='lat' dir='ltr'><strong>suae</strong></span> <span class='ocrx_word' id='word_1_78' title='bbox 1136 1275 1328 1359; x_wconf 90' lang='lat' dir='ltr'><strong>disciplinae</strong></span> <span class='ocrx_word' id='word_1_79' title='bbox 1345 1275 1418 1359; x_wconf 84' lang='lat' dir='ltr'><strong>dig-</strong></span> 
     </span>
     <span class='ocr_line' id='line_1_10' title="bbox 139 1394 1419 1479; baseline 0 -22"><span class='ocrx_word' id='word_1_80' title='bbox 139 1418 212 1457; x_wconf 90' lang='lat' dir='ltr'><strong>nam</strong></span> <span class='ocrx_word' id='word_1_81' title='bbox 230 1395 423 1460; x_wconf 79' lang='lat' dir='ltr'><strong>habueriut⁴</strong></span> <span class='ocrx_word' id='word_1_82' title='bbox 441 1403 475 1459; x_wconf 89' lang='lat' dir='ltr'><strong>et</strong></span> <span class='ocrx_word' id='word_1_83' title='bbox 494 1395 558 1479; x_wconf 91' lang='lat' dir='ltr'><strong>ipsi</strong></span> <span class='ocrx_word' id='word_1_84' title='bbox 574 1395 677 1458; x_wconf 84' lang='lat' dir='ltr'>Stoici</span> <span class='ocrx_word' id='word_1_85' title='bbox 698 1403 833 1478; x_wconf 91' lang='lat' dir='ltr'><strong>propter</strong></span> <span class='ocrx_word' id='word_1_86' title='bbox 853 1394 1055 1458; x_wconf 86' lang='lat' dir='ltr'><strong>adversarios</strong></span> <span class='ocrx_word' id='word_1_87' title='bbox 1076 1395 1110 1458; x_wconf 88' lang='lat' dir='ltr'><strong>in</strong></span> <span class='ocrx_word' id='word_1_88' title='bbox 1131 1394 1340 1477; x_wconf 84' lang='lat' dir='ltr'><strong>agnoscenda</strong></span> <span class='ocrx_word' id='word_1_89' title='bbox 1360 1395 1419 1457; x_wconf 90' lang='lat' dir='ltr'><strong>ab·</strong></span> 
     </span>
     <span class='ocr_line' id='line_1_11' title="bbox 139 1513 1419 1597; baseline 0.001 -22"><span class='ocrx_word' id='word_1_90' title='bbox 139 1514 249 1576; x_wconf 89' lang='lat' dir='ltr'><strong>soluta</strong></span> <span class='ocrx_word' id='word_1_91' title='bbox 270 1515 468 1578; x_wconf 80' lang='lat' dir='ltr'><strong>necessitate</strong></span> <span class='ocrx_word' id='word_1_92' title='bbox 491 1514 703 1597; x_wconf 88' lang='lat' dir='ltr'><strong>tergiversati</strong></span> <span class='ocrx_word' id='word_1_93' title='bbox 725 1514 823 1577; x_wconf 83' lang='lat' dir='ltr'><strong>sint.⁶</strong></span> <span class='ocrx_word' id='word_1_94' title='bbox 862 1514 922 1576; x_wconf 90' lang='lat' dir='ltr'><strong>His</strong></span> <span class='ocrx_word' id='word_1_95' title='bbox 947 1514 1050 1597; x_wconf 84' lang='lat' dir='ltr'><strong>igitur</strong></span> <span class='ocrx_word' id='word_1_96' title='bbox 1074 1513 1225 1577; x_wconf 89' lang='lat' dir='ltr'><strong>omnibus</strong></span> <span class='ocrx_word' id='word_1_97' title='bbox 1249 1513 1419 1597; x_wconf 84' lang='lat' dir='ltr'><strong>perpensis</strong></span> 
     </span>
     <span class='ocr_line' id='line_1_12' title="bbox 139 1632 1420 1716; baseline 0.002 -23"><span class='ocrx_word' id='word_1_98' title='bbox 139 1632 208 1694; x_wconf 88' lang='lat' dir='ltr'><strong>iure</strong></span> <span class='ocrx_word' id='word_1_99' title='bbox 231 1633 391 1716; x_wconf 81' lang='lat' dir='ltr'><strong>conjicere</strong></span> <span class='ocrx_word' id='word_1_100' title='bbox 413 1633 494 1696; x_wconf 90' lang='lat' dir='ltr'><strong>mihi</strong></span> <span class='ocrx_word' id='word_1_101' title='bbox 515 1633 643 1712; x_wconf 90' lang='lat' dir='ltr'><strong>videor,</strong></span> <span class='ocrx_word' id='word_1_102' title='bbox 666 1640 834 1696; x_wconf 81' lang='lat' dir='ltr'><strong>auctorem</strong></span> <span class='ocrx_word' id='word_1_103' title='bbox 855 1639 987 1697; x_wconf 85' lang='lat' dir='ltr'><strong>nostrae</strong></span> <span class='ocrx_word' id='word_1_104' title='bbox 1008 1633 1217 1716; x_wconf 81' lang='lat' dir='ltr'><strong>Theogoniae</strong></span> <span class='ocrx_word' id='word_1_105' title='bbox 1238 1633 1420 1696; x_wconf 86' lang='lat' dir='ltr'><strong>Stoicum</strong></span> 
     </span>
     <span class='ocr_line' id='line_1_13' title="bbox 140 1750 1420 1837; baseline 0.001 -24"><span class='ocrx_word' id='word_1_106' title='bbox 140 1750 252 1814; x_wconf 88' lang='lat' dir='ltr'><strong>fuisse.</strong></span> <span class='ocrx_word' id='word_1_107' title='bbox 285 1752 437 1815; x_wconf 86' lang='lat' dir='ltr'><strong>Eundem</strong></span> <span class='ocrx_word' id='word_1_108' title='bbox 455 1774 530 1815; x_wconf 90' lang='lat' dir='ltr'><strong>vero</strong></span> <span class='ocrx_word' id='word_1_109' title='bbox 547 1751 818 1817; x_wconf 88' lang='lat' dir='ltr'><strong>Phoeniceum</strong></span> <span class='ocrx_word' id='word_1_110' title='bbox 834 1752 950 1830; x_wconf 83' lang='lat' dir='ltr'><strong>fuisse,</strong></span> <span class='ocrx_word' id='word_1_111' title='bbox 973 1751 1067 1816; x_wconf 88' lang='lat' dir='ltr'><strong>exiis</strong></span> <span class='ocrx_word' id='word_1_112' title='bbox 1089 1774 1171 1835; x_wconf 89' lang='lat' dir='ltr'><strong>qnae</strong></span> <span class='ocrx_word' id='word_1_113' title='bbox 1192 1773 1279 1816; x_wconf 89' lang='lat' dir='ltr'><strong>nune</strong></span> <span class='ocrx_word' id='word_1_114' title='bbox 1300 1774 1420 1837; x_wconf 90' lang='lat' dir='ltr'><strong>propo·</strong></span> 
     </span>
     <span class='ocr_line' id='line_1_14' title="bbox 138 1870 563 1954; baseline 0.002 -21"><span class='ocrx_word' id='word_1_115' title='bbox 138 1892 215 1933; x_wconf 86' lang='lat' dir='ltr'><strong>nam</strong></span> <span class='ocrx_word' id='word_1_116' title='bbox 232 1870 455 1954; x_wconf 83' lang='lat' dir='ltr'><strong>colligendum</strong></span> <span class='ocrx_word' id='word_1_117' title='bbox 470 1877 563 1954; x_wconf 91' lang='lat' dir='ltr'><strong>puto.</strong></span> 
     </span>
    </p>

    <p class='ocr_par' dir='ltr' id='par_1_3' title="bbox 69 1990 1421 2187">
     <span class='ocr_line' id='line_1_15' title="bbox 225 1990 1420 2074; baseline 0.001 -20"><span class='ocrx_word' id='word_1_118' title='bbox 225 1990 304 2054; x_wconf 84' lang='lat' dir='ltr'><strong>&#39;Pres</strong></span> <span class='ocrx_word' id='word_1_119' title='bbox 341 1990 436 2054; x_wconf 89' lang='lat' dir='ltr'><strong>nobis</strong></span> <span class='ocrx_word' id='word_1_120' title='bbox 473 1990 615 2054; x_wconf 83' lang='lat' dir='ltr'><strong>traditae</strong></span> <span class='ocrx_word' id='word_1_121' title='bbox 653 1998 731 2054; x_wconf 89' lang='lat' dir='ltr'><strong>sunt</strong></span> <span class='ocrx_word' id='word_1_122' title='bbox 767 1991 944 2054; x_wconf 84' lang='lat' dir='ltr'><strong>relationes</strong></span> <span class='ocrx_word' id='word_1_123' title='bbox 976 1991 1180 2055; x_wconf 88' lang='lat' dir='ltr'><strong>Phoenicum</strong></span> <span class='ocrx_word' id='word_1_124' title='bbox 1216 1990 1420 2074; x_wconf 87' lang='lat' dir='ltr'><strong>theologiae,</strong></span> 
     </span>
     <span class='ocr_line' id='line_1_16' title="bbox 69 2108 1421 2187; baseline 0.001 -16"><span class='ocrx_word' id='word_1_125' title='bbox 69 2124 77 2145; x_wconf 73' lang='lat'><em>³</em></span> <span class='ocrx_word' id='word_1_126' title='bbox 139 2109 296 2187; x_wconf 88' lang='lat' dir='ltr'><strong>Eudemi,</strong></span> <span class='ocrx_word' id='word_1_127' title='bbox 313 2108 443 2187; x_wconf 90' lang='lat' dir='ltr'><strong>Moohi,</strong></span> <span class='ocrx_word' id='word_1_128' title='bbox 462 2109 794 2173; x_wconf 81' lang='lat' dir='ltr'><strong>Sanchuniathonis.⁰</strong></span> <span class='ocrx_word' id='word_1_129' title='bbox 825 2109 1097 2174; x_wconf 87' lang='lat' dir='ltr'><strong>Sanchuniathon</strong></span> <span class='ocrx_word' id='word_1_130' title='bbox 1113 2118 1224 2174; x_wconf 89' lang='lat' dir='ltr'><strong>autem</strong></span> <span class='ocrx_word' id='word_1_131' title='bbox 1239 2133 1306 2174; x_wconf 88' lang='lat' dir='ltr'><strong>non</strong></span> <span class='ocrx_word' id='word_1_132' title='bbox 1320 2133 1421 2173; x_wconf 91' lang='lat' dir='ltr'><strong>unam</strong></span> 
     </span>
    </p>
   </div>
   <div class='ocr_carea' id='block_1_3' title="bbox 138 2262 1426 4377">
    <p class='ocr_par' dir='ltr' id='par_1_4' title="bbox 138 2262 1423 2486">
     <span class='ocr_line' id='line_1_17' title="bbox 209 2262 1423 2337; baseline 0.002 -24"><span class='ocrx_word' id='word_1_133' title='bbox 209 2262 218 2293; x_wconf 86' lang='lat'>¹</span> <span class='ocrx_word' id='word_1_134' title='bbox 238 2264 318 2314; x_wconf 85' lang='lat' dir='ltr'><strong>Stoici</strong></span> <span class='ocrx_word' id='word_1_135' title='bbox 341 2265 360 2316; x_wconf 93' lang='lat' dir='ltr'><strong>J</strong></span> <span class='ocrx_word' id='word_1_136' title='bbox 364 2281 454 2315; x_wconf 87' lang='lat' dir='ltr'><strong>ovem</strong></span> <span class='ocrx_word' id='word_1_137' title='bbox 480 2264 538 2322; x_wconf 83' lang='grc' dir='ltr'>τοὺς</span> <span class='ocrx_word' id='word_1_138' title='bbox 564 2264 748 2337; x_wconf 69' lang='grc' dir='ltr'>σπερματικοὺς</span> <span class='ocrx_word' id='word_1_139' title='bbox 774 2264 864 2335; x_wconf 80' lang='grc' dir='ltr'>λόγους</span> <span class='ocrx_word' id='word_1_140' title='bbox 890 2266 1020 2315; x_wconf 86' lang='lat' dir='ltr'><strong>continere</strong></span> <span class='ocrx_word' id='word_1_141' title='bbox 1047 2267 1166 2316; x_wconf 86' lang='lat' dir='ltr'><strong>dixerunt</strong></span> <span class='ocrx_word' id='word_1_142' title='bbox 1193 2266 1237 2329; x_wconf 84' lang='lat' dir='ltr'><strong>(cf.</strong></span> <span class='ocrx_word' id='word_1_143' title='bbox 1263 2267 1370 2316; x_wconf 87' lang='lat' dir='ltr'><strong>Ritter</strong></span> <span class='ocrx_word' id='word_1_144' title='bbox 1398 2274 1423 2315; x_wconf 90' lang='lat' dir='ltr'><strong>et</strong></span> 
     </span>
     <span class='ocr_line' id='line_1_18' title="bbox 139 2349 1421 2418; baseline 0.001 -19"><span class='ocrx_word' id='word_1_145' title='bbox 139 2349 278 2411; x_wconf 87' lang='lat' dir='ltr'><strong>Preller‚</strong></span> <span class='ocrx_word' id='word_1_146' title='bbox 296 2353 405 2401; x_wconf 75' lang='lat' dir='ltr'><strong>historio</strong></span> <span class='ocrx_word' id='word_1_147' title='bbox 418 2353 596 2418; x_wconf 75' lang='lat' dir='ltr'><strong>philosophias</strong></span> <span class='ocrx_word' id='word_1_148' title='bbox 615 2350 641 2416; x_wconf 85' lang='lat'><strong>[3</strong></span> <span class='ocrx_word' id='word_1_149' title='bbox 660 2353 710 2410; x_wconf 67' lang='lat' dir='ltr'><strong>ed„</strong></span> <span class='ocrx_word' id='word_1_150' title='bbox 732 2353 831 2402; x_wconf 72' lang='lat' dir='ltr'><strong>Gothos</strong></span> <span class='ocrx_word' id='word_1_151' title='bbox 851 2351 936 2418; x_wconf 82' lang='grc'><strong>1864],</strong></span> <span class='ocrx_word' id='word_1_152' title='bbox 955 2354 989 2402; x_wconf 87' lang='lat' dir='ltr'><strong>N.</strong></span> <span class='ocrx_word' id='word_1_153' title='bbox 1010 2357 1069 2413; x_wconf 86' lang='grc'>480,</span> <span class='ocrx_word' id='word_1_154' title='bbox 1084 2371 1113 2418; x_wconf 88' lang='lat' dir='ltr'><strong>p.</strong></span> <span class='ocrx_word' id='word_1_155' title='bbox 1131 2351 1202 2416; x_wconf 81' lang='grc'>443),</span> <span class='ocrx_word' id='word_1_156' title='bbox 1222 2351 1340 2416; x_wconf 82' lang='lat' dir='ltr'><strong>Orpheus</strong></span> <span class='ocrx_word' id='word_1_157' title='bbox 1359 2351 1421 2400; x_wconf 89' lang='lat' dir='ltr'><strong>Hel·</strong></span> 
     </span>
     <span class='ocr_line' id='line_1_19' title="bbox 138 2435 419 2486; baseline 0.004 -2"><span class='ocrx_word' id='word_1_158' title='bbox 138 2435 217 2484; x_wconf 89' lang='lat' dir='ltr'><strong>laniei</strong></span> <span class='ocrx_word' id='word_1_159' title='bbox 236 2443 321 2484; x_wconf 86' lang='lat' dir='ltr'><strong>autem</strong></span> <span class='ocrx_word' id='word_1_160' title='bbox 339 2437 419 2486; x_wconf 90' lang='lat' dir='ltr'><strong>canit:</strong></span> 
     </span>
    </p>

    <p class='ocr_par' dir='ltr' id='par_1_5' title="bbox 139 2517 1421 2756">
     <span class='ocr_line' id='line_1_20' title="bbox 332 2517 1203 2594; baseline 0 -21"><span class='ocrx_word' id='word_1_161' title='bbox 332 2517 434 2591; x_wconf 83' lang='grc' dir='ltr'>Μῆτιν</span> <span class='ocrx_word' id='word_1_162' title='bbox 452 2521 552 2594; x_wconf 82' lang='grc' dir='ltr'>σπέρμα</span> <span class='ocrx_word' id='word_1_163' title='bbox 569 2521 678 2592; x_wconf 78' lang='grc' dir='ltr'>φέροντα</span> <span class='ocrx_word' id='word_1_164' title='bbox 696 2519 764 2573; x_wconf 82' lang='grc' dir='ltr'>θεῶν</span> <span class='ocrx_word' id='word_1_165' title='bbox 782 2521 883 2581; x_wconf 73' lang='grc' dir='ltr'>κλυτὸν,</span> <span class='ocrx_word' id='word_1_166' title='bbox 904 2521 979 2574; x_wconf 80' lang='grc' dir='ltr'>ὅντε</span> <span class='ocrx_word' id='word_1_167' title='bbox 998 2519 1127 2592; x_wconf 72' lang='grc' dir='ltr'>Φάνητά</span> <span class='ocrx_word' id='word_1_168' title='bbox 1146 2521 1203 2573; x_wconf 72' lang='grc' dir='ltr'><strong>κτλ.</strong></span> 
     </span>
     <span class='ocr_line' id='line_1_21' title="bbox 139 2607 1421 2673; baseline 0 -16"><span class='ocrx_word' id='word_1_169' title='bbox 139 2608 201 2672; x_wconf 73' lang='lat' dir='ltr'><strong>Api.</strong></span> <span class='ocrx_word' id='word_1_170' title='bbox 217 2625 247 2673; x_wconf 81' lang='grc' dir='ltr'><strong>ρ.</strong></span> <span class='ocrx_word' id='word_1_171' title='bbox 267 2612 326 2655; x_wconf 83' lang='grc'><strong>481.</strong></span> <span class='ocrx_word' id='word_1_172' title='bbox 362 2607 433 2656; x_wconf 85' lang='lat' dir='ltr'><strong>Haec</strong></span> <span class='ocrx_word' id='word_1_173' title='bbox 452 2608 519 2656; x_wconf 92' lang='lat' dir='ltr'><strong>enim</strong></span> <span class='ocrx_word' id='word_1_174' title='bbox 538 2623 571 2657; x_wconf 85' lang='lat' dir='ltr'><strong>ex</strong></span> <span class='ocrx_word' id='word_1_175' title='bbox 588 2608 716 2657; x_wconf 85' lang='lat' dir='ltr'><strong>Hellanici</strong></span> <span class='ocrx_word' id='word_1_176' title='bbox 734 2609 884 2672; x_wconf 79' lang='lat' dir='ltr'><strong>Theogonis</strong></span> <span class='ocrx_word' id='word_1_177' title='bbox 907 2610 933 2657; x_wconf 90' lang='lat' dir='ltr'><strong>iu</strong></span> <span class='ocrx_word' id='word_1_178' title='bbox 952 2609 1113 2672; x_wconf 85' lang='lat' dir='ltr'><strong>Rhapsodics</strong></span> <span class='ocrx_word' id='word_1_179' title='bbox 1136 2609 1254 2657; x_wconf 76' lang='lat' dir='ltr'><strong>usduets</strong></span> <span class='ocrx_word' id='word_1_180' title='bbox 1271 2623 1338 2668; x_wconf 90' lang='lat' dir='ltr'><strong>esse,</strong></span> <span class='ocrx_word' id='word_1_181' title='bbox 1357 2608 1421 2657; x_wconf 88' lang='lat' dir='ltr'><strong>mihi</strong></span> 
     </span>
     <span class='ocr_line' id='line_1_22' title="bbox 139 2702 355 2756; baseline 0.005 -14"><span class='ocrx_word' id='word_1_182' title='bbox 139 2707 290 2756; x_wconf 87' lang='lat' dir='ltr'><strong>persuasum</strong></span> <span class='ocrx_word' id='word_1_183' title='bbox 308 2702 355 2743; x_wconf 86' lang='lat' dir='ltr'><strong>est.</strong></span> 
     </span>
    </p>

    <p class='ocr_par' dir='ltr' id='par_1_6' title="bbox 140 2774 1424 3270">
     <span class='ocr_line' id='line_1_23' title="bbox 207 2774 1422 2843; baseline 0.003 -17"><span class='ocrx_word' id='word_1_184' title='bbox 207 2774 218 2805; x_wconf 77' lang='lat'>²</span> <span class='ocrx_word' id='word_1_185' title='bbox 236 2779 372 2828; x_wconf 89' lang='lat' dir='ltr'><strong>Praeterea</strong></span> <span class='ocrx_word' id='word_1_186' title='bbox 390 2794 442 2828; x_wconf 89' lang='lat' dir='ltr'><strong>nou</strong></span> <span class='ocrx_word' id='word_1_187' title='bbox 460 2780 543 2828; x_wconf 90' lang='lat' dir='ltr'><strong>solum</strong></span> <span class='ocrx_word' id='word_1_188' title='bbox 554 2780 627 2828; x_wconf 86' lang='lat' dir='ltr'><strong>Jovis</strong></span> <span class='ocrx_word' id='word_1_189' title='bbox 646 2781 753 2843; x_wconf 91' lang='lat' dir='ltr'><strong>imperio</strong></span> <span class='ocrx_word' id='word_1_190' title='bbox 771 2788 884 2838; x_wconf 85' lang='lat' dir='ltr'><strong>aeterno,</strong></span> <span class='ocrx_word' id='word_1_191' title='bbox 904 2782 948 2829; x_wconf 93' lang='lat' dir='ltr'><strong>sed</strong></span> <span class='ocrx_word' id='word_1_192' title='bbox 967 2781 1044 2829; x_wconf 89' lang='lat' dir='ltr'><strong>etiam</strong></span> <span class='ocrx_word' id='word_1_193' title='bbox 1061 2781 1104 2828; x_wconf 90' lang='lat' dir='ltr'><strong>alii</strong></span> <span class='ocrx_word' id='word_1_194' title='bbox 1123 2781 1254 2828; x_wconf 83' lang='lat' dir='ltr'><strong>doctrinae</strong></span> <span class='ocrx_word' id='word_1_195' title='bbox 1274 2778 1422 2830; x_wconf 88' lang='lat' dir='ltr'><strong>Stoicorum</strong></span> 
     </span>
     <span class='ocr_line' id='line_1_24' title="bbox 140 2864 1423 2929; baseline 0.002 -17"><span class='ocrx_word' id='word_1_196' title='bbox 140 2865 176 2913; x_wconf 87' lang='lat' dir='ltr'><strong>ita</strong></span> <span class='ocrx_word' id='word_1_197' title='bbox 205 2865 267 2913; x_wconf 87' lang='lat' dir='ltr'><strong>satis</strong></span> <span class='ocrx_word' id='word_1_198' title='bbox 297 2865 352 2913; x_wconf 87' lang='lat' dir='ltr'><strong>lieri</strong></span> <span class='ocrx_word' id='word_1_199' title='bbox 382 2865 481 2928; x_wconf 85' lang='lat' dir='ltr'><strong>opinari</strong></span> <span class='ocrx_word' id='word_1_200' title='bbox 508 2866 599 2929; x_wconf 88' lang='lat' dir='ltr'><strong>potuit.</strong></span> <span class='ocrx_word' id='word_1_201' title='bbox 634 2865 687 2928; x_wconf 91' lang='lat' dir='ltr'><strong>Ipsi</strong></span> <span class='ocrx_word' id='word_1_202' title='bbox 717 2866 784 2914; x_wconf 91' lang='lat' dir='ltr'><strong>enim</strong></span> <span class='ocrx_word' id='word_1_203' title='bbox 810 2864 891 2914; x_wconf 80' lang='lat' dir='ltr'><strong>Stoici</strong></span> <span class='ocrx_word' id='word_1_204' title='bbox 919 2866 1107 2929; x_wconf 88' lang='lat' dir='ltr'><strong>quodammodo</strong></span> <span class='ocrx_word' id='word_1_205' title='bbox 1135 2865 1260 2928; x_wconf 87' lang='lat' dir='ltr'><strong>ejusmodi</strong></span> <span class='ocrx_word' id='word_1_206' title='bbox 1287 2866 1423 2929; x_wconf 83' lang='lat' dir='ltr'><strong>cataposin</strong></span> 
     </span>
     <span class='ocr_line' id='line_1_25' title="bbox 141 2946 1421 3022; baseline 0.004 -26"><span class='ocrx_word' id='word_1_207' title='bbox 141 2950 283 2998; x_wconf 89' lang='lat' dir='ltr'><strong>docuerunt</strong></span> <span class='ocrx_word' id='word_1_208' title='bbox 305 2951 428 2999; x_wconf 92' lang='lat' dir='ltr'><strong>mundum</strong></span> <span class='ocrx_word' id='word_1_209' title='bbox 451 2950 564 2999; x_wconf 89' lang='lat' dir='ltr'><strong>dicentes</strong></span> <span class='ocrx_word' id='word_1_210' title='bbox 588 2947 664 3000; x_wconf 84' lang='grc' dir='ltr'>αὐτὸν</span> <span class='ocrx_word' id='word_1_211' title='bbox 687 2948 731 3000; x_wconf 83' lang='grc' dir='ltr'>τὸν</span> <span class='ocrx_word' id='word_1_212' title='bbox 753 2947 813 3001; x_wconf 81' lang='grc' dir='ltr'>θεὸν</span> <span class='ocrx_word' id='word_1_213' title='bbox 833 2978 872 3009; x_wconf 85' lang='grc'><strong>-,</strong></span> <span class='ocrx_word' id='word_1_214' title='bbox 897 2950 925 3008; x_wconf 81' lang='grc' dir='ltr'><strong>ὃς</strong></span> <span class='ocrx_word' id='word_1_215' title='bbox 943 2950 976 3019; x_wconf 80' lang='grc' dir='ltr'><strong>δὴ</strong></span> <span class='ocrx_word' id='word_1_216' title='bbox 1001 2946 1132 3022; x_wconf 66' lang='grc' dir='ltr'><strong>ἄφθαρτός</strong></span> <span class='ocrx_word' id='word_1_217' title='bbox 1150 2951 1202 3002; x_wconf 78' lang='grc' dir='ltr'><strong>ἐστι</strong></span> <span class='ocrx_word' id='word_1_218' title='bbox 1224 2949 1269 3001; x_wconf 70' lang='grc' dir='ltr'><strong>καὶ</strong></span> <span class='ocrx_word' id='word_1_219' title='bbox 1287 2949 1421 3019; x_wconf 80' lang='grc' dir='ltr'>ἀγένητος,</span> 
     </span>
     <span class='ocr_line' id='line_1_26' title="bbox 141 3032 1424 3108; baseline 0.002 -25"><span class='ocrx_word' id='word_1_220' title='bbox 141 3032 306 3105; x_wconf 81' lang='grc' dir='ltr'>δημινουργὸς</span> <span class='ocrx_word' id='word_1_221' title='bbox 329 3035 364 3086; x_wconf 81' lang='grc' dir='ltr'>ὢν</span> <span class='ocrx_word' id='word_1_222' title='bbox 382 3040 429 3104; x_wconf 84' lang='grc' dir='ltr'><strong>τῆς</strong></span> <span class='ocrx_word' id='word_1_223' title='bbox 447 3034 647 3103; x_wconf 73' lang='grc' dir='ltr'>διακοσμήσεως,</span> <span class='ocrx_word' id='word_1_224' title='bbox 670 3033 738 3086; x_wconf 71' lang='grc' dir='ltr'><strong><em>κατὰ</em></strong></span> <span class='ocrx_word' id='word_1_225' title='bbox 756 3035 855 3107; x_wconf 78' lang='grc' dir='ltr'>χρόνων</span> <span class='ocrx_word' id='word_1_226' title='bbox 877 3034 950 3094; x_wconf 80' lang='grc' dir='ltr'>ποιὰς</span> <span class='ocrx_word' id='word_1_227' title='bbox 967 3035 1097 3108; x_wconf 80' lang='grc' dir='ltr'>περιόδους</span> <span class='ocrx_word' id='word_1_228' title='bbox 1115 3033 1259 3087; x_wconf 71' lang='grc' dir='ltr'>ἀναλίσκων</span> <span class='ocrx_word' id='word_1_229' title='bbox 1277 3036 1313 3092; x_wconf 79' lang='grc' dir='ltr'><strong>εἰς</strong></span> <span class='ocrx_word' id='word_1_230' title='bbox 1331 3034 1424 3087; x_wconf 80' lang='grc' dir='ltr'>ἑαυτὸν</span> 
     </span>
     <span class='ocr_line' id='line_1_27' title="bbox 140 3115 1424 3190; baseline 0.001 -21"><span class='ocrx_word' id='word_1_231' title='bbox 140 3117 187 3186; x_wconf 75' lang='grc' dir='ltr'>τὴν</span> <span class='ocrx_word' id='word_1_232' title='bbox 206 3115 305 3170; x_wconf 82' lang='grc' dir='ltr'>ἅπασαν</span> <span class='ocrx_word' id='word_1_233' title='bbox 322 3116 408 3170; x_wconf 80' lang='grc' dir='ltr'>οὐσίαν</span> <span class='ocrx_word' id='word_1_234' title='bbox 426 3119 470 3170; x_wconf 67' lang='grc' dir='ltr'><strong>καὶ</strong></span> <span class='ocrx_word' id='word_1_235' title='bbox 488 3119 563 3172; x_wconf 84' lang='grc' dir='ltr'>πάλιν</span> <span class='ocrx_word' id='word_1_236' title='bbox 582 3119 608 3179; x_wconf 78' lang='grc' dir='ltr'><strong>ἐξ</strong></span> <span class='ocrx_word' id='word_1_237' title='bbox 627 3119 718 3172; x_wconf 78' lang='grc' dir='ltr'>ἑαυτοῦ</span> <span class='ocrx_word' id='word_1_238' title='bbox 737 3129 830 3190; x_wconf 81' lang='grc' dir='ltr'>γεννῶν</span> <span class='ocrx_word' id='word_1_239' title='bbox 848 3123 938 3187; x_wconf 76' lang='grc' dir='ltr'><strong>(Πάομ.</strong></span> <span class='ocrx_word' id='word_1_240' title='bbox 957 3124 990 3173; x_wconf 81' lang='lat' dir='ltr'><strong>L.</strong></span> <span class='ocrx_word' id='word_1_241' title='bbox 1014 3124 1076 3181; x_wconf 83' lang='lat' dir='ltr'><strong>VII,</strong></span> <span class='ocrx_word' id='word_1_242' title='bbox 1097 3121 1167 3187; x_wconf 83' lang='lat'>1³7).</span> <span class='ocrx_word' id='word_1_243' title='bbox 1204 3124 1325 3171; x_wconf 82' lang='lat' dir='ltr'><strong>Attamen</strong></span> <span class='ocrx_word' id='word_1_244' title='bbox 1344 3122 1424 3171; x_wconf 69' lang='lat' dir='ltr'><strong>eham</strong></span> 
     </span>
     <span class='ocr_line' id='line_1_28' title="bbox 141 3203 1074 3270; baseline 0.003 -17"><span class='ocrx_word' id='word_1_245' title='bbox 141 3203 296 3265; x_wconf 84' lang='lat' dir='ltr'><strong>Heraclitus,</strong></span> <span class='ocrx_word' id='word_1_246' title='bbox 317 3203 462 3253; x_wconf 87' lang='lat' dir='ltr'><strong>Stoicorum</strong></span> <span class='ocrx_word' id='word_1_247' title='bbox 479 3220 639 3268; x_wconf 86' lang='lat' dir='ltr'><strong>praecursor,</strong></span> <span class='ocrx_word' id='word_1_248' title='bbox 658 3207 753 3268; x_wconf 85' lang='lat' dir='ltr'><strong>aliique</strong></span> <span class='ocrx_word' id='word_1_249' title='bbox 772 3207 866 3256; x_wconf 88' lang='lat' dir='ltr'><strong>similia</strong></span> <span class='ocrx_word' id='word_1_250' title='bbox 883 3214 1074 3270; x_wconf 84' lang='lat' dir='ltr'><strong>praeceperant.</strong></span> 
     </span>
    </p>

    <p class='ocr_par' dir='ltr' id='par_1_7' title="bbox 140 3287 1423 3867">
     <span class='ocr_line' id='line_1_29' title="bbox 208 3287 1421 3354; baseline 0.004 -16"><span class='ocrx_word' id='word_1_251' title='bbox 208 3287 288 3351; x_wconf 71' lang='lat'><strong>³012,</strong></span> <span class='ocrx_word' id='word_1_252' title='bbox 314 3306 379 3353; x_wconf 86' lang='lat' dir='ltr'><strong>quae</strong></span> <span class='ocrx_word' id='word_1_253' title='bbox 403 3291 514 3340; x_wconf 87' lang='lat' dir='ltr'><strong>Zeller</strong></span> <span class='ocrx_word' id='word_1_254' title='bbox 536 3291 640 3354; x_wconf 85' lang='lat' dir='ltr'><strong>collegit</strong></span> <span class='ocrx_word' id='word_1_255' title='bbox 662 3293 680 3342; x_wconf 86' lang='lat' dir='ltr'><strong>l.</strong></span> <span class='ocrx_word' id='word_1_256' title='bbox 701 3309 723 3340; x_wconf 85' lang='lat' dir='ltr'><strong>c.</strong></span> <span class='ocrx_word' id='word_1_257' title='bbox 743 3294 800 3351; x_wconf 89' lang='grc' dir='ltr'><em>ΙΙΙ,</em></span> <span class='ocrx_word' id='word_1_258' title='bbox 822 3293 843 3352; x_wconf 90' lang='lat'><strong>1,</strong></span> <span class='ocrx_word' id='word_1_259' title='bbox 866 3296 922 3353; x_wconf 81' lang='lat'><strong>127,</strong></span> <span class='ocrx_word' id='word_1_260' title='bbox 945 3294 1023 3341; x_wconf 88' lang='lat' dir='ltr'><strong>veluti</strong></span> <span class='ocrx_word' id='word_1_261' title='bbox 1046 3292 1155 3342; x_wconf 90' lang='lat' dir='ltr'><strong>Phaedri</strong></span> <span class='ocrx_word' id='word_1_262' title='bbox 1177 3294 1263 3343; x_wconf 88' lang='lat' dir='ltr'><strong>locum</strong></span> <span class='ocrx_word' id='word_1_263' title='bbox 1285 3293 1344 3342; x_wconf 87' lang='lat' dir='ltr'><strong>Nat.</strong></span> <span class='ocrx_word' id='word_1_264' title='bbox 1371 3294 1421 3344; x_wconf 90' lang='lat' dir='ltr'><strong>De.</strong></span> 
     </span>
     <span class='ocr_line' id='line_1_30' title="bbox 140 3376 1421 3449; baseline 0.003 -24"><span class='ocrx_word' id='word_1_265' title='bbox 140 3377 189 3426; x_wconf 88' lang='lat' dir='ltr'><strong>col.</strong></span> <span class='ocrx_word' id='word_1_266' title='bbox 212 3382 222 3424; x_wconf 98' lang='grc'><strong>1</strong></span> <span class='ocrx_word' id='word_1_267' title='bbox 244 3377 291 3440; x_wconf 74' lang='lat'><strong>(4),</strong></span> <span class='ocrx_word' id='word_1_268' title='bbox 310 3377 353 3424; x_wconf 91' lang='lat' dir='ltr'><strong>ubi</strong></span> <span class='ocrx_word' id='word_1_269' title='bbox 373 3376 530 3440; x_wconf 84' lang='lat' dir='ltr'><strong>Chrysippus</strong></span> <span class='ocrx_word' id='word_1_270' title='bbox 549 3376 645 3426; x_wconf 84' lang='lat' dir='ltr'><strong>dixisse</strong></span> <span class='ocrx_word' id='word_1_271' title='bbox 664 3377 779 3438; x_wconf 85' lang='lat' dir='ltr'><strong>traditur,</strong></span> <span class='ocrx_word' id='word_1_272' title='bbox 798 3378 890 3426; x_wconf 85' lang='lat' dir='ltr'><strong>Joveru</strong></span> <span class='ocrx_word' id='word_1_273' title='bbox 909 3393 965 3428; x_wconf 86' lang='lat' dir='ltr'><strong>esse</strong></span> <span class='ocrx_word' id='word_1_274' title='bbox 983 3377 1031 3445; x_wconf 83' lang='grc' dir='ltr'>τὴν</span> <span class='ocrx_word' id='word_1_275' title='bbox 1048 3377 1134 3445; x_wconf 72' lang='grc' dir='ltr'>κοινὴν</span> <span class='ocrx_word' id='word_1_276' title='bbox 1152 3377 1232 3447; x_wconf 79' lang='grc' dir='ltr'>φύσιν,</span> <span class='ocrx_word' id='word_1_277' title='bbox 1252 3377 1421 3449; x_wconf 77' lang='grc' dir='ltr'>εἱμαρμένην,</span> 
     </span>
     <span class='ocr_line' id='line_1_31' title="bbox 141 3461 1423 3530; baseline 0.001 -18"><span class='ocrx_word' id='word_1_278' title='bbox 141 3461 256 3530; x_wconf 77' lang='grc' dir='ltr'>ἀνάγκην</span> <span class='ocrx_word' id='word_1_279' title='bbox 275 3469 299 3510; x_wconf 92' lang='lat' dir='ltr'><strong>et</strong></span> <span class='ocrx_word' id='word_1_280' title='bbox 319 3464 426 3513; x_wconf 76' lang='lat' dir='ltr'><strong>Terruit.</strong></span> <span class='ocrx_word' id='word_1_281' title='bbox 447 3464 536 3528; x_wconf 78' lang='lat' dir='ltr'><strong>Apoll.</strong></span> <span class='ocrx_word' id='word_1_282' title='bbox 557 3468 602 3510; x_wconf 82' lang='lat'><strong>21:</strong></span> <span class='ocrx_word' id='word_1_283' title='bbox 628 3463 698 3512; x_wconf 86' lang='lat' dir='ltr'><strong>Zeno</strong></span> <span class='ocrx_word' id='word_1_284' title='bbox 722 3464 1037 3512; x_wconf 87' lang='lat' dir='ltr'><strong>determinat..eundem</strong></span> <span class='ocrx_word' id='word_1_285' title='bbox 1060 3463 1144 3511; x_wconf 87' lang='lat' dir='ltr'><strong>vocari</strong></span> <span class='ocrx_word' id='word_1_286' title='bbox 1169 3470 1194 3511; x_wconf 91' lang='lat' dir='ltr'><strong>et</strong></span> <span class='ocrx_word' id='word_1_287' title='bbox 1216 3463 1329 3512; x_wconf 87' lang='lat' dir='ltr'><strong>animum</strong></span> <span class='ocrx_word' id='word_1_288' title='bbox 1347 3464 1423 3514; x_wconf 86' lang='lat' dir='ltr'><strong>Jovis</strong></span> 
     </span>
     <span class='ocr_line' id='line_1_32' title="bbox 141 3547 1423 3611; baseline 0.002 -16"><span class='ocrx_word' id='word_1_289' title='bbox 141 3553 166 3595; x_wconf 87' lang='lat' dir='ltr'><strong>et</strong></span> <span class='ocrx_word' id='word_1_290' title='bbox 187 3548 374 3596; x_wconf 86' lang='lat' dir='ltr'><strong>necessitatem.</strong></span> <span class='ocrx_word' id='word_1_291' title='bbox 412 3547 463 3606; x_wconf 86' lang='lat' dir='ltr'><strong>Qui</strong></span> <span class='ocrx_word' id='word_1_292' title='bbox 490 3548 540 3597; x_wconf 90' lang='lat' dir='ltr'><strong>loci</strong></span> <span class='ocrx_word' id='word_1_293' title='bbox 567 3562 619 3594; x_wconf 90' lang='lat' dir='ltr'><strong>uon</strong></span> <span class='ocrx_word' id='word_1_294' title='bbox 645 3548 703 3595; x_wconf 89' lang='lat' dir='ltr'><strong>ideo</strong></span> <span class='ocrx_word' id='word_1_295' title='bbox 730 3555 790 3596; x_wconf 91' lang='lat' dir='ltr'><strong>sunt</strong></span> <span class='ocrx_word' id='word_1_296' title='bbox 815 3549 981 3610; x_wconf 89' lang='lat' dir='ltr'><strong>reprobandi,</strong></span> <span class='ocrx_word' id='word_1_297' title='bbox 1009 3549 1078 3610; x_wconf 91' lang='lat' dir='ltr'><strong>quod</strong></span> <span class='ocrx_word' id='word_1_298' title='bbox 1105 3547 1140 3596; x_wconf 92' lang='lat' dir='ltr'><strong>ibi</strong></span> <span class='ocrx_word' id='word_1_299' title='bbox 1163 3548 1266 3611; x_wconf 83' lang='lat' dir='ltr'><strong>Jupiter</strong></span> <span class='ocrx_word' id='word_1_300' title='bbox 1287 3549 1423 3598; x_wconf 86' lang='lat' dir='ltr'><strong>Necesitas</strong></span> 
     </span>
     <span class='ocr_line' id='line_1_33' title="bbox 141 3633 1423 3697; baseline 0.003 -16"><span class='ocrx_word' id='word_1_301' title='bbox 141 3633 240 3694; x_wconf 90' lang='lat' dir='ltr'><strong>dicitur,</strong></span> <span class='ocrx_word' id='word_1_302' title='bbox 260 3633 287 3680; x_wconf 92' lang='lat' dir='ltr'><strong>iu</strong></span> <span class='ocrx_word' id='word_1_303' title='bbox 305 3633 455 3696; x_wconf 81' lang='lat' dir='ltr'><strong>Theogonis</strong></span> <span class='ocrx_word' id='word_1_304' title='bbox 479 3641 564 3681; x_wconf 89' lang='lat' dir='ltr'><strong>autem</strong></span> <span class='ocrx_word' id='word_1_305' title='bbox 582 3633 709 3681; x_wconf 89' lang='lat' dir='ltr'><strong>Hellanici</strong></span> <span class='ocrx_word' id='word_1_306' title='bbox 735 3650 764 3682; x_wconf 92' lang='lat' dir='ltr'><strong>ea</strong></span> <span class='ocrx_word' id='word_1_307' title='bbox 788 3635 943 3697; x_wconf 88' lang='lat' dir='ltr'><strong>peculiarem</strong></span> <span class='ocrx_word' id='word_1_308' title='bbox 965 3635 1051 3684; x_wconf 86' lang='lat' dir='ltr'><strong>locum</strong></span> <span class='ocrx_word' id='word_1_309' title='bbox 1075 3635 1181 3683; x_wconf 90' lang='lat' dir='ltr'><strong>obtinet.</strong></span> <span class='ocrx_word' id='word_1_310' title='bbox 1217 3635 1247 3683; x_wconf 92' lang='lat' dir='ltr'><strong>In</strong></span> <span class='ocrx_word' id='word_1_311' title='bbox 1265 3637 1423 3686; x_wconf 88' lang='lat' dir='ltr'><strong>carminibus</strong></span> 
     </span>
     <span class='ocr_line' id='line_1_34' title="bbox 141 3718 1423 3784; baseline 0.004 -18"><span class='ocrx_word' id='word_1_312' title='bbox 141 3719 209 3766; x_wconf 91' lang='lat' dir='ltr'><strong>enim</strong></span> <span class='ocrx_word' id='word_1_313' title='bbox 230 3719 324 3767; x_wconf 88' lang='lat' dir='ltr'><strong>multos</strong></span> <span class='ocrx_word' id='word_1_314' title='bbox 347 3720 409 3767; x_wconf 87' lang='lat' dir='ltr'><strong>deos</strong></span> <span class='ocrx_word' id='word_1_315' title='bbox 433 3734 449 3766; x_wconf 87' lang='lat' dir='ltr'><strong>a</strong></span> <span class='ocrx_word' id='word_1_316' title='bbox 469 3718 534 3767; x_wconf 88' lang='lat' dir='ltr'><strong>Jove</strong></span> <span class='ocrx_word' id='word_1_317' title='bbox 562 3718 674 3766; x_wconf 89' lang='lat' dir='ltr'><strong>diversos</strong></span> <span class='ocrx_word' id='word_1_318' title='bbox 698 3719 873 3780; x_wconf 87' lang='lat' dir='ltr'><strong>celebrabant,</strong></span> <span class='ocrx_word' id='word_1_319' title='bbox 902 3735 966 3783; x_wconf 92' lang='lat' dir='ltr'><strong>quos</strong></span> <span class='ocrx_word' id='word_1_320' title='bbox 990 3721 1017 3769; x_wconf 93' lang='lat' dir='ltr'><strong>in</strong></span> <span class='ocrx_word' id='word_1_321' title='bbox 1043 3721 1115 3768; x_wconf 91' lang='lat' dir='ltr'><strong>libris</strong></span> <span class='ocrx_word' id='word_1_322' title='bbox 1138 3735 1207 3769; x_wconf 91' lang='lat' dir='ltr'><strong>mere</strong></span> <span class='ocrx_word' id='word_1_323' title='bbox 1233 3720 1423 3784; x_wconf 87' lang='lat' dir='ltr'><strong>philosophicis</strong></span> 
     </span>
     <span class='ocr_line' id='line_1_35' title="bbox 140 3802 778 3867; baseline 0.005 -16"><span class='ocrx_word' id='word_1_324' title='bbox 140 3818 226 3851; x_wconf 87' lang='lat' dir='ltr'><strong>rursus</strong></span> <span class='ocrx_word' id='word_1_325' title='bbox 244 3804 272 3851; x_wconf 89' lang='lat' dir='ltr'><strong>in</strong></span> <span class='ocrx_word' id='word_1_326' title='bbox 289 3818 368 3851; x_wconf 87' lang='lat' dir='ltr'><strong>uuam</strong></span> <span class='ocrx_word' id='word_1_327' title='bbox 384 3802 459 3853; x_wconf 81' lang='lat' dir='ltr'><strong>Jovis</strong></span> <span class='ocrx_word' id='word_1_328' title='bbox 477 3811 594 3851; x_wconf 89' lang='lat' dir='ltr'><strong>naturam</strong></span> <span class='ocrx_word' id='word_1_329' title='bbox 612 3805 778 3867; x_wconf 85' lang='lat' dir='ltr'><strong>collegerunt.</strong></span> 
     </span>
    </p>

    <p class='ocr_par' dir='ltr' id='par_1_8' title="bbox 141 3884 1424 4125">
     <span class='ocr_line' id='line_1_36' title="bbox 209 3884 1423 3963; baseline 0.008 -27"><span class='ocrx_word' id='word_1_330' title='bbox 209 3884 382 3936; x_wconf 71' lang='lat' dir='ltr'><strong>*Heraclitus</strong></span> <span class='ocrx_word' id='word_1_331' title='bbox 406 3888 495 3952; x_wconf 70' lang='lat' dir='ltr'><strong>(Dioy.</strong></span> <span class='ocrx_word' id='word_1_332' title='bbox 515 3889 547 3937; x_wconf 81' lang='lat' dir='ltr'><strong>L.</strong></span> <span class='ocrx_word' id='word_1_333' title='bbox 568 3891 618 3949; x_wconf 89' lang='lat' dir='ltr'><strong>IX,</strong></span> <span class='ocrx_word' id='word_1_334' title='bbox 639 3891 664 3953; x_wconf 86' lang='lat'><strong>7)</strong></span> <span class='ocrx_word' id='word_1_335' title='bbox 689 3892 790 3952; x_wconf 85' lang='lat' dir='ltr'><strong>docuit,</strong></span> <span class='ocrx_word' id='word_1_336' title='bbox 816 3891 898 3942; x_wconf 84' lang='grc' dir='ltr'>πάντα</span> <span class='ocrx_word' id='word_1_337' title='bbox 922 3887 1049 3959; x_wconf 76' lang='grc' dir='ltr'>γίγνεσθαι</span> <span class='ocrx_word' id='word_1_338' title='bbox 1072 3888 1129 3944; x_wconf 73' lang='grc' dir='ltr'><strong>καθ’</strong></span> <span class='ocrx_word' id='word_1_339' title='bbox 1149 3891 1322 3963; x_wconf 72' lang='grc' dir='ltr'>εἱμαρμένηνς</span> <span class='ocrx_word' id='word_1_340' title='bbox 1347 3894 1423 3946; x_wconf 79' lang='lat' dir='ltr'><strong>Pluto</strong></span> 
     </span>
     <span class='ocr_line' id='line_1_37' title="bbox 141 3968 1424 4047; baseline 0.006 -26"><span class='ocrx_word' id='word_1_341' title='bbox 141 3974 217 4022; x_wconf 87' lang='lat' dir='ltr'><strong>habet</strong></span> <span class='ocrx_word' id='word_1_342' title='bbox 240 3973 313 4021; x_wconf 88' lang='lat' dir='ltr'><strong>illum</strong></span> <span class='ocrx_word' id='word_1_343' title='bbox 331 3969 427 4040; x_wconf 74' lang='grc' dir='ltr'>θεσμὸν</span> <span class='ocrx_word' id='word_1_344' title='bbox 447 3968 615 4044; x_wconf 77' lang='grc' dir='ltr'><strong>Ἀδραστείας</strong></span> <span class='ocrx_word' id='word_1_345' title='bbox 637 3976 761 4039; x_wconf 66' lang='lat' dir='ltr'><strong>(Phrada.</strong></span> <span class='ocrx_word' id='word_1_346' title='bbox 777 3994 806 4042; x_wconf 84' lang='lat' dir='ltr'><strong>p.</strong></span> <span class='ocrx_word' id='word_1_347' title='bbox 828 3981 876 4024; x_wconf 76' lang='lat'><strong>248</strong></span> <span class='ocrx_word' id='word_1_348' title='bbox 892 3977 925 4038; x_wconf 85' lang='lat'><strong>0)</strong></span> <span class='ocrx_word' id='word_1_349' title='bbox 945 3984 970 4025; x_wconf 91' lang='lat' dir='ltr'><strong>et</strong></span> <span class='ocrx_word' id='word_1_350' title='bbox 987 3977 1080 4026; x_wconf 87' lang='lat' dir='ltr'><strong>Parcas</strong></span> <span class='ocrx_word' id='word_1_351' title='bbox 1097 3972 1226 4047; x_wconf 73' lang='grc' dir='ltr'>Ἀνάγκης</span> <span class='ocrx_word' id='word_1_352' title='bbox 1244 3979 1322 4038; x_wconf 86' lang='lat' dir='ltr'><strong>filias,</strong></span> <span class='ocrx_word' id='word_1_353' title='bbox 1349 3980 1424 4042; x_wconf 86' lang='lat' dir='ltr'><strong>cujus</strong></span> 
     </span>
     <span class='ocr_line' id='line_1_38' title="bbox 142 4059 856 4125; baseline 0.006 -19"><span class='ocrx_word' id='word_1_354' title='bbox 142 4060 219 4107; x_wconf 90' lang='lat' dir='ltr'><strong>etiam</strong></span> <span class='ocrx_word' id='word_1_355' title='bbox 236 4059 321 4107; x_wconf 85' lang='lat' dir='ltr'><strong>fusum</strong></span> <span class='ocrx_word' id='word_1_356' title='bbox 339 4068 521 4107; x_wconf 88' lang='lat' dir='ltr'><strong>commemorat</strong></span> <span class='ocrx_word' id='word_1_357' title='bbox 539 4060 615 4125; x_wconf 82' lang='lat' dir='ltr'><strong>(Rep.</strong></span> <span class='ocrx_word' id='word_1_358' title='bbox 636 4062 671 4119; x_wconf 87' lang='lat' dir='ltr'><strong>X,</strong></span> <span class='ocrx_word' id='word_1_359' title='bbox 691 4064 738 4110; x_wconf 80' lang='lat'><strong>617</strong></span> <span class='ocrx_word' id='word_1_360' title='bbox 757 4064 791 4120; x_wconf 87' lang='grc' dir='ltr'><strong>Β,</strong></span> <span class='ocrx_word' id='word_1_361' title='bbox 812 4062 856 4123; x_wconf 85' lang='lat'><strong>0).</strong></span> 
     </span>
    </p>

    <p class='ocr_par' dir='ltr' id='par_1_9' title="bbox 142 4140 1426 4377">
     <span class='ocr_line' id='line_1_39' title="bbox 209 4140 1425 4212; baseline 0.007 -20"><span class='ocrx_word' id='word_1_362' title='bbox 209 4140 221 4170; x_wconf 73' lang='lat'><strong>⁶</strong></span> <span class='ocrx_word' id='word_1_363' title='bbox 240 4146 291 4193; x_wconf 79' lang='lat' dir='ltr'><strong>Cic.</strong></span> <span class='ocrx_word' id='word_1_364' title='bbox 311 4146 342 4192; x_wconf 87' lang='lat' dir='ltr'><strong>de</strong></span> <span class='ocrx_word' id='word_1_365' title='bbox 361 4145 426 4194; x_wconf 80' lang='lat' dir='ltr'><strong>Fato</strong></span> <span class='ocrx_word' id='word_1_366' title='bbox 448 4149 491 4192; x_wconf 85' lang='lat'><strong>18:</strong></span> <span class='ocrx_word' id='word_1_367' title='bbox 520 4143 678 4209; x_wconf 86' lang='lat' dir='ltr'><strong>Chrysippus</strong></span> <span class='ocrx_word' id='word_1_368' title='bbox 701 4154 785 4196; x_wconf 89' lang='lat' dir='ltr'><strong>autem</strong></span> <span class='ocrx_word' id='word_1_369' title='bbox 808 4162 886 4209; x_wconf 90' lang='lat' dir='ltr'><strong>quum</strong></span> <span class='ocrx_word' id='word_1_370' title='bbox 904 4155 929 4196; x_wconf 92' lang='lat' dir='ltr'><strong>et</strong></span> <span class='ocrx_word' id='word_1_371' title='bbox 946 4148 1125 4198; x_wconf 86' lang='lat' dir='ltr'><strong>necessitatem</strong></span> <span class='ocrx_word' id='word_1_372' title='bbox 1142 4149 1298 4212; x_wconf 89' lang='lat' dir='ltr'><strong>improbaret</strong></span> <span class='ocrx_word' id='word_1_373' title='bbox 1314 4156 1340 4198; x_wconf 86' lang='lat' dir='ltr'><strong>et</strong></span> <span class='ocrx_word' id='word_1_374' title='bbox 1358 4150 1425 4200; x_wconf 91' lang='lat' dir='ltr'><strong>nihil</strong></span> 
     </span>
     <span class='ocr_line' id='line_1_40' title="bbox 142 4230 1426 4296; baseline 0.005 -19"><span class='ocrx_word' id='word_1_375' title='bbox 142 4231 217 4278; x_wconf 86' lang='lat' dir='ltr'><strong>vellet</strong></span> <span class='ocrx_word' id='word_1_376' title='bbox 235 4230 290 4277; x_wconf 88' lang='lat' dir='ltr'><strong>sinc</strong></span> <span class='ocrx_word' id='word_1_377' title='bbox 307 4230 460 4291; x_wconf 87' lang='lat' dir='ltr'><strong>praepositis</strong></span> <span class='ocrx_word' id='word_1_378' title='bbox 479 4231 562 4278; x_wconf 86' lang='lat' dir='ltr'><strong>causis</strong></span> <span class='ocrx_word' id='word_1_379' title='bbox 582 4232 689 4293; x_wconf 87' lang='lat' dir='ltr'><strong>evenire,</strong></span> <span class='ocrx_word' id='word_1_380' title='bbox 716 4246 850 4280; x_wconf 85' lang='lat' dir='ltr'><strong>causarum</strong></span> <span class='ocrx_word' id='word_1_381' title='bbox 872 4248 967 4296; x_wconf 86' lang='lat' dir='ltr'><strong>genera</strong></span> <span class='ocrx_word' id='word_1_382' title='bbox 988 4234 1129 4296; x_wconf 82' lang='lat' dir='ltr'><strong>distinguit,</strong></span> <span class='ocrx_word' id='word_1_383' title='bbox 1155 4242 1183 4283; x_wconf 91' lang='lat' dir='ltr'><strong>ut</strong></span> <span class='ocrx_word' id='word_1_384' title='bbox 1201 4242 1226 4283; x_wconf 90' lang='lat' dir='ltr'><strong>et</strong></span> <span class='ocrx_word' id='word_1_385' title='bbox 1243 4235 1426 4285; x_wconf 87' lang='lat' dir='ltr'><strong>necessitatem</strong></span> 
     </span>
     <span class='ocr_line' id='line_1_41' title="bbox 142 4314 518 4377; baseline 0 -14"><span class='ocrx_word' id='word_1_386' title='bbox 142 4314 247 4377; x_wconf 85' lang='lat' dir='ltr'><strong>effugiat</strong></span> <span class='ocrx_word' id='word_1_387' title='bbox 264 4325 289 4361; x_wconf 91' lang='lat' dir='ltr'><strong>et</strong></span> <span class='ocrx_word' id='word_1_388' title='bbox 306 4314 413 4362; x_wconf 87' lang='lat' dir='ltr'><strong>retineat</strong></span> <span class='ocrx_word' id='word_1_389' title='bbox 430 4314 518 4363; x_wconf 87' lang='lat' dir='ltr'><strong>fatum.</strong></span> 
     </span>
    </p>
   </div>
   <div class='ocr_carea' id='block_1_4' title="bbox 210 4396 1425 4469">
    <p class='ocr_par' dir='ltr' id='par_1_10' title="bbox 210 4396 1425 4469">
     <span class='ocr_line' id='line_1_42' title="bbox 210 4396 1425 4469; baseline 0.008 -21"><span class='ocrx_word' id='word_1_390' title='bbox 210 4396 278 4456; x_wconf 78' lang='lat' dir='ltr'><strong>⁰De</strong></span> <span class='ocrx_word' id='word_1_391' title='bbox 296 4399 405 4454; x_wconf 88' lang='lat' dir='ltr'><strong>Eudemi</strong></span> <span class='ocrx_word' id='word_1_392' title='bbox 423 4408 447 4450; x_wconf 88' lang='lat' dir='ltr'><strong>et</strong></span> <span class='ocrx_word' id='word_1_393' title='bbox 464 4402 551 4454; x_wconf 83' lang='lat' dir='ltr'><strong>Mochi</strong></span> <span class='ocrx_word' id='word_1_394' title='bbox 569 4402 735 4453; x_wconf 84' lang='lat' dir='ltr'><strong>relationibus</strong></span> <span class='ocrx_word' id='word_1_395' title='bbox 753 4402 906 4452; x_wconf 84' lang='lat' dir='ltr'><strong>Damascius</strong></span> <span class='ocrx_word' id='word_1_396' title='bbox 920 4421 951 4469; x_wconf 80' lang='lat' dir='ltr'><strong>p.</strong></span> <span class='ocrx_word' id='word_1_397' title='bbox 965 4409 1014 4453; x_wconf 87' lang='lat'><strong>385</strong></span> <span class='ocrx_word' id='word_1_398' title='bbox 1032 4405 1152 4468; x_wconf 87' lang='lat' dir='ltr'><strong>loquitur.</strong></span> <span class='ocrx_word' id='word_1_399' title='bbox 1185 4404 1425 4459; x_wconf 84' lang='lat' dir='ltr'><strong>Sanchuniatbonis</strong></span> 
     </span>
    </p>
   </div>
   <div class='ocr_carea' id='block_1_5' title="bbox 0 0 1531 4988">
    <p class='ocr_par' dir='ltr' id='par_1_11' title="bbox 0 0 1531 4988">
     <span class='ocr_line' id='line_1_43' title="bbox 0 0 1531 4988; baseline 0 0"><span class='ocrx_word' id='word_1_400' title='bbox 0 0 1531 4988; x_wconf 95' lang='lat' dir='ltr'><strong> </strong></span> 
     </span>
    </p>
   </div>
  </div>
 </body>
</html>
