3038 4988
762 233 782 292 li

129 439 241 518 partes
265 433 411 496 diversae
428 433 505 511 sint,
530 456 571 496 an
587 433 651 496 duo
670 432 813 496 carmina
832 432 983 496 omnibus
999 434 1143 497 numeris
1165 433 1379 517 partibusque
1396 459 1416 498 a

131 574 166 615 se
182 551 391 616 dissentiant.

729 674 759 756 ξ.
783 677 814 735 2.

217 789 301 853 Cum
317 797 428 853 autem
443 790 665 854 Lobcckius
681 790 822 872 plurima
838 791 935 874 hujus
946 790 1157 873 Theogoniae
1173 791 1316 873 vestigia
1327 793 1416 873 apud

129 910 304 973 Platonem
325 908 484 992 reperisse
507 908 570 972 sibi
591 909 753 987 videatur,
781 911 821 972 ab
839 930 876 972 eo
900 909 1069 973 oriendum
1092 917 1154 972 est.
1201 911 1252 973 Ao
1273 909 1416 992 primum

131 1028 262 1111 quidem
276 1029 420 1091 omnium
435 1027 711 1105 testimoniorum,
730 1049 812 1110 quae
829 1028 915 1110 apud
931 1031 1018 1091 hunc
1035 1028 1228 1112 scriptorem
1244 1031 1412 1111 leguntur,

128 1147 230 1229 longe
254 1147 485 1230 gravissimum
502 1146 648 1230 Cratyli¹
672 1147 765 1210 locus
788 1154 854 1211 est:
887 1153 1007 1233 Ὅμηρος
1023 1151 1153 1216 Ὠκεανόν
1172 1180 1203 1216 τε
1223 1157 1297 1217 θεῶν
1316 1156 1417 1234 γένεσίν

129 1298 194 1353 φησι
209 1275 253 1334 καὶ
269 1275 373 1352 μητέρα
388 1273 489 1352 Τηθύν·
506 1273 579 1352 οἶμαι
594 1276 623 1334 δὲ
638 1273 683 1334 καὶ
693 1273 828 1340 Ἡσίοδος·
845 1275 914 1352 λέγει
929 1275 959 1335 δέ
973 1299 1024 1334 aco
1040 1275 1084 1335 καὶ
1095 1273 1212 1353 Ὀρφεύς
1226 1275 1266 1334 ὅτι

341 1383 462 1442 Ὠκεανὸς
479 1394 579 1457 πρῶτος
596 1384 747 1458 καλλὶῥροος
765 1385 826 1457 ἦρξε
845 1386 948 1456 γάμοιο,

96 1477 117 1519 θ
343 1487 371 1544 ὅς
390 1486 422 1558 ῥα
439 1487 595 1557 κασιγνήτην
613 1487 765 1559 ὁμομήτορα
784 1485 872 1557 Τηθὺν
892 1485 976 1540 ὄπυιεν
995 1490 1032 1554 (p.
1047 1491 1157 1551 40213).

214 1587 277 1650 Hic
299 1588 401 1670 igitur
423 1610 464 1651 ex
486 1587 627 1650 carmine
653 1589 795 1670 quodam
818 1588 963 1672 Orphico
989 1589 1052 1651 duo
1074 1611 1187 1651 versus
1213 1589 1412 1671 allegantur.

129 1707 195 1769 Sed
219 1707 305 1770 inter
329 1713 381 1770 tot
407 1707 565 1769 librorum
589 1707 809 1790 Orphioorum
834 1707 952 1770 titulos
975 1707 1053 1790 quid
1079 1715 1129 1770 est
1150 1708 1247 1770 istud¹
1264 1717 1330 1785 aad,
1356 1708 1415 1771 ubi

128 1826 274 1910 inclytus
296 1832 390 1889 vates
407 1828 487 1889 haec
511 1825 650 1889 cecinit?
682 1825 846 1888 Nimirum
862 1826 1054 1909 Theogonia
1075 1834 1189 1889 nostra
1205 1827 1412 1910 rhapsodica,

129 1945 182 2007 cui
202 1945 392 2023 „neminem
413 1947 473 2008 hos
496 1967 609 2008 versus
631 1945 814 2008 adscribere
838 1952 1069 2008 cunctaturum
1091 1953 1189 2008 esse“
1209 1952 1320 2027 sperat
1339 1945 1413 2008 Lo·

128 2064 321 2127 beckius.²
359 2064 432 2126 Nec
455 2064 548 2126 deest
565 2065 773 2148 conjecturae
795 2064 863 2126 veri
885 2063 1021 2146 species.
1060 2065 1148 2126 Nam
1165 2063 1192 2126 si
1217 2064 1288 2147 quis
1306 2064 1416 2127 omnia

129 2205 211 2266 quae
223 2183 374 2246 feruntur
387 2184 426 2245 ab
439 2183 572 2266 Orpheo
584 2183 707 2265 scripta
717 2182 825 2245 animo
836 2183 1095 2265 perlustraverit,
1114 2184 1242 2245 nullum
1253 2183 1414 2265 aptiorem

128 2303 237 2365 locum
260 2302 398 2365 inveniri
418 2325 514 2385 posse
538 2303 712 2378 concedet,
737 2324 800 2384 quo
817 2301 898 2364 talia
921 2302 960 2364 de
978 2304 1110 2365 Oceano
1134 2302 1266 2384 eiusque
1288 2301 1414 2384 nuptiis

127 2428 259 2484 narrata
275 2421 408 2498 fuerint,
427 2419 760 2503 quamtheogoniam.
786 2422 834 2482 At
844 2421 930 2483 unde
947 2428 1094 2503 apparet,
1112 2424 1198 2484 hano
1209 2443 1280 2484 eam
1298 2420 1410 2498 fuisse,

128 2563 211 2623 quac
227 2540 261 2603 in
277 2540 410 2603 Proculi
425 2540 575 2604 manibus
592 2539 711 2602 fuerit?
741 2543 795 2602 An
811 2539 859 2602 ita
875 2540 1154 2602 concludendum:
1180 2547 1413 2623 argumentum

128 2659 259 2723 illorum
275 2682 429 2723 versuum
446 2658 589 2722 alienum
605 2657 736 2721 videtur
752 2660 793 2722 ab
807 2658 857 2736 iis,
876 2670 965 2741 quae·
976 2659 1015 2721 dc
1027 2659 1184 2721 Eudemi³
1203 2658 1414 2722 'etHellanici

130 2779 319 2861 theogoniis
343 2778 496 2862 Orphicis
521 2777 644 2841 tradita
669 2783 761 2854 sunt,
788 2799 866 2860 ergo
891 2777 1059 2840 tribuendi
1082 2778 1316 2860 rhapsodioae?
1349 2777 1415 2840 Sed

196 2931 516 2994 ¹Schaarschmidt,
540 2935 592 2982 Die
617 2934 763 2998 Smnmlaay
787 2936 833 2984 der
856 2935 1037 2984 Platonisclren
1062 2936 1194 3001 Schriften
1217 2934 1303 2997 (Βοακ
1325 2935 1412 2997 1867),

122 3041 153 3088 p.
173 3027 221 3070 245
235 3039 273 3087 aq.
294 3022 370 3071 etiam
383 3021 515 3085 Oratylum
532 3021 645 3083 spurium
662 3022 744 3070 ducit?
774 3020 825 3070 Sed
843 3023 903 3070 illae
923 3021 1095 3083 „interiores“
1116 3035 1179 3082 quas
1196 3028 1271 3068 vocat
1288 3019 1411 3080 rationes,

127 3108 221 3170 quibus
240 3107 301 3156 solis
321 3108 445 3155 adductus
464 3121 521 3154 eam
539 3106 643 3154 molitur
661 3106 796 3167 athetasin,
817 3106 878 3154 satis
896 3106 964 3155 leves
983 3106 1109 3165 videntur,
1130 3106 1162 3153 cf.
1178 3103 1320 3167 Georgii,
1342 3105 1413 3153 Neae

125 3195 218 3243 Jahrb.
235 3195 288 3258 fiir
305 3193 411 3251 Philol„
437 3197 478 3240 38.
498 3193 590 3255 ἄοικα.
614 3195 688 3251 1868,
703 3209 733 3256 p.
754 3194 802 3240 297
816 3208 864 3256 aq„
889 3196 988 3255 32lsq.
1027 3189 1147 3239 Ceterum
1172 3205 1266 3249 exeo,
1292 3190 1360 3251 quod
1384 3190 1413 3237 in

126 3280 217 3328 codem
242 3279 344 3340 dialogo
363 3296 393 3342 p.
414 3282 463 3324 400
487 3284 512 3325 et
536 3277 567 3325 de
590 3276 761 3339 Orphicorum
785 3276 959 3340 psychogonia
977 3277 1072 3325 mentio
1091 3278 1131 3335 fit,
1157 3291 1209 3325 non
1228 3275 1410 3337 colligendum,

124 3363 259 3412 Platonem
278 3364 355 3412 ctiam
369 3381 398 3428 p.
419 3368 468 3411 402
487 3363 557 3411 idem
575 3376 678 3410 carmen
695 3363 721 3409 h.
742 3377 764 3410 e.
785 3357 898 3416 Τελετάς
918 3362 1073 3423 respexisse.
1110 3361 1164 3409 Nec
1182 3362 1265 3420 video,
1285 3374 1335 3422 qao
1354 3359 1410 3407 iure

125 3447 287 3497 Gisekius
305 3448 336 3511 (l.
358 3467 379 3498 c.
395 3465 425 3512 p.
448 3451 487 3496 79.
507 3446 552 3509 81)
572 3447 725 3495 contendere
744 3447 864 3508 potuerit,
888 3446 956 3493 aliud
975 3445 1103 3493 distichon
1122 3445 1154 3493 ab
1172 3445 1308 3494 Eustathio
1327 3460 1410 3494 asser-

124 3542 211 3582 vatum
230 3540 288 3597 apte
306 3533 443 3582 cohaerere
461 3546 519 3580 cum
537 3531 668 3579 versiculis
686 3546 702 3579 a
719 3529 826 3579 Platone
844 3530 955 3578 laudatis
973 3530 1083 3592 ideoque
1101 3537 1223 3592 utrosque
1241 3530 1412 3578 vindicandos

124 3633 180 3667 esse
203 3618 241 3666 illi
264 3615 367 3689 τελετῇ,
393 3631 459 3679 quae
482 3615 558 3664 fuerit
580 3616 612 3664 dc
634 3615 707 3664 Jovis
732 3623 757 3664 et
780 3615 892 3663 «Iunonis
915 3616 1078 3664 commercio.
1115 3615 1243 3664 Eustathii
1270 3617 1342 3664 locus
1366 3615 1410 3663 hic

124 3711 175 3752 cst:
193 3697 302 3774 Ὀρφεὺς
321 3701 347 3752 ἐν
365 3703 403 3770 τῷ
420 3698 478 3770 περὶ
496 3694 554 3755 Διὸς
571 3698 615 3749 καὶ
626 3692 713 3770 Ἥρας
730 3697 793 3768 φησὶ

440 3784 535 3836 κύκλον
554 3780 597 3848 [τ’]
619 3782 753 3850 ἀκαμάτοο
771 3780 907 3852 καλιῤῥόου
923 3779 1066 3843 Ὠκεανοῖο,

440 3870 468 3926 ὃς
485 3875 562 3939 γαῖαν
581 3865 660 3940 δίνῃσι
677 3865 748 3939 πέριξ
767 3867 822 3938 ἐχει
841 3866 999 3938 ἀμφιελίξας.

191 3959 262 4006 Haec
279 3958 391 4007 Junonis
409 3958 528 4005 videntur
544 3955 621 4004 verba
639 3955 719 4003 fuisse
737 3955 768 4002 ad
788 3953 920 4003 Oceanum
939 3969 966 4003 se
991 3955 1118 4018 proficisci
1137 3956 1280 4005 simulantis
1300 3955 1347 4021 (cs.
1368 3957 1405 4006 Il.

125 4050 164 4104 14,
185 4048 248 4103 302;
267 4045 329 4107 Ape.
345 4060 375 4107 p.
396 4041 466 4105 607).
505 4039 640 4100 Quomodo
663 4047 746 4089 autem
771 4039 798 4086 in
822 4040 911 4088 eodem
936 4041 1047 4089 carmine
1073 4042 1150 4090 etiam
1168 4041 1267 4090 narrari
1284 4042 1407 4105 potuerit,

122 4130 257 4180 Oceanum
274 4132 384 4194 primum
403 4129 518 4177 omnium
536 4128 638 4191 nuptias
657 4126 757 4188 fecisse,
779 4128 898 4189 equidem
915 4141 967 4175 non
985 4128 1122 4190 perspicio.

190 4213 281 4280 Ἀρί.
298 4233 328 4280 p.
349 4219 407 4262 602.

190 4297 200 4329 ³
219 4301 381 4363 Quamquam
399 4301 430 4348 de
448 4298 556 4348 Eudemi
575 4296 726 4360 Theogonia
743 4297 792 4345 hoe
810 4312 862 4345 non
880 4298 917 4345 ica
934 4298 1016 4360 liquet
1035 4296 1080 4360 (cf.
1101 4311 1166 4358 quae
1184 4296 1271 4360 paullo
1289 4295 1355 4344 infra
1374 4298 1406 4345 de

121 4387 169 4437 hac
187 4401 215 4436 re
234 4388 347 4436 dicturus
366 4386 444 4449 sum).
