3038 4988
737 237 776 296 39

106 461 212 524 nuper
235 437 404 502 nonnullis
426 436 503 500 viris
527 437 725 501 doctissimis
753 437 911 521 placuit,²
937 459 1070 519 prorsus
1093 437 1233 500 delenda
1255 445 1332 500 sunt
1357 459 1399 501 ex

106 559 194 624 vatis
217 557 438 642 ‚‚Apollinei“
462 557 670 640 Theogonia,
696 565 802 620 restat
826 557 963 621 Metidis
989 557 1153 640 cataposis
1184 557 1224 619 ab
1250 555 1395 620 Hesiodo

106 797 260 881 appositi.
307 800 358 861 Ac
374 797 454 860 mihi
470 796 601 880 quidem
619 798 809 881 conjectura
824 796 957 874 arridet,
975 818 1038 878 qua
1055 794 1181 878 Orphei
1195 795 1339 858 narratio
1356 817 1397 858 ex

106 917 284 996 Hesiodo)
307 939 447 1001 quocum
467 917 562 980 illum
582 916 711 1000 saepius
733 916 919 980 consentire
941 937 1038 998 supra
1054 914 1216 977 monitum
1237 922 1303 992 est,
1327 914 1396 978 fere

105 1038 194 1100 hunc
221 1036 255 1100 in
275 1037 409 1100 modum
430 1037 707 1120 repraesentanda
729 1036 784 1099 sit.
831 1034 961 1118 Jupiter
982 1034 1153 1117 gravidam
1173 1033 1255 1097 facit
1274 1033 1393 1096 Metin.

104 1155 172 1219 Sed
193 1180 213 1220 a
228 1157 327 1220 Terra
343 1164 378 1220 et
394 1156 495 1219 Coelo
512 1156 564 1218 vel
588 1156 750 1218 aNoote³
770 1154 1050 1218 commonefactus
1070 1175 1142 1217 eam
1159 1153 1330 1231 desorbet,
1354 1174 1395 1215 ne

103 1282 182 1358 post
197 1275 380 1339 Minervam
396 1297 533 1358 puerum
549 1274 710 1354 enitatur,
733 1274 788 1357 qui
804 1281 929 1356 patrem
946 1295 1048 1356 regno
1071 1273 1236 1356 expellere
1252 1271 1326 1334 fato·
1339 1272 1394 1335 de-

103 1394 248 1458 stinatus
263 1395 318 1458 sit.
364 1396 410 1457 Et
424 1394 608 1469 Minervam
625 1393 757 1477 quidem
772 1394 842 1477 ipse
858 1415 970 1456 rursus
986 1392 1020 1455 in
1035 1393 1144 1456 lucem
1161 1391 1240 1470 edit,
1257 1413 1392 1474 puerum

102 1535 181 1577 vero
198 1513 232 1576 in
242 1522 354 1577 ventre
370 1514 575 1578 occultatum
585 1513 718 1577 retinet.
745 1513 837 1576 Quae
850 1534 923 1575 oum
933 1520 1032 1595 poeta
1048 1517 1206 1589 narraret,
1224 1510 1393 1593 aptissime

102 1655 141 1697 eo
158 1634 244 1711 loco,
262 1656 326 1716 quo
343 1635 382 1698 de
398 1636 462 1698 hoc
477 1655 578 1718 puero
594 1633 685 1716 regio
703 1633 941 1697 sermocinatus
958 1639 1039 1710 erat,
1057 1633 1216 1715 hymnum
1233 1630 1267 1693 in
1277 1631 1296 1692 J
1299 1651 1393 1693 ovem

100 1760 173 1816 tam
193 1752 326 1816 funesto
348 1755 494 1840 periculo
516 1753 659 1817 feliciter
681 1752 875 1815 defunctum
898 1759 932 1815 et
952 1751 986 1814 in
1008 1772 1103 1814 omne
1120 1749 1238 1814 dehinc
1260 1756 1393 1836 tempus

101 1894 217 1936 secure
233 1880 447 1954 regnaturum
461 1873 613 1950 inserere,
631 1872 801 1935 Minervae
818 1878 929 1935 autem
944 1870 1206 1956 procreationem
1218 1869 1326 1933 verbis
1338 1869 1392 1931 de-

102 1991 247 2055 scribere
262 1991 387 2075 potuit:

352 2112 400 2181 τὴν
419 2109 439 2164 δ’
459 2108 496 2183 ἄρ’
517 2112 668 2183 ἀποκρύψας
687 2108 760 2167 αὖθις
777 2111 842 2182 φάος
860 2110 886 2168 ἐς
904 2109 1051 2180 πολυγηθέα

352 2214 447 2282 μέλλεν
467 2215 516 2266 ἀπὸ
534 2214 642 2286 κραδίης
659 2214 793 2286 προφέρειν
811 2211 874 2264 πάλι
892 2210 1006 2264 θέσκελα
1025 2211 1105 2283 ῥέζων

100 2317 172 2380 vel:
194 2326 291 2403 μέλλεν
304 2326 358 2403 πὰρ
379 2330 498 2404 κορυφῆς
516 2326 656 2403 προφέρειν
675 2328 743 2398 κτλ,
765 2315 793 2376 Sl
813 2315 954 2377 Proculo
979 2313 1177 2376 credendum
1199 2319 1265 2390 esi,
1291 2313 1391 2376 etlam

101 2435 272 2521 Orpheum
281 2436 465 2499 Minervam
482 2441 641 2498 armatam
658 2456 698 2498 ex
714 2435 733 2496 J
735 2433 805 2497 ovis
822 2433 930 2519 capite
948 2432 1175 2519 prosilientem
1191 2431 1323 2495 finxisse
1339 2453 1389 2495 re·

100 2553 252 2618 ferenti.⁴
283 2555 491 2637 Quamquam
507 2554 691 2617 necessaria
707 2553 788 2617 mihi
804 2576 842 2617 ea
858 2551 1044 2642 emendatio
1061 2575 1127 2615 non
1144 2551 1284 2615 videtur.
1320 2551 1388 2613 Ηο-

100 2697 209 2738 merus
230 2675 316 2738 enim
332 2674 516 2738 Minervam
536 2696 576 2751 err
593 2674 700 2758 capite
716 2672 819 2760 patris
837 2681 943 2736 ortam
966 2693 1053 2749 esse,
1077 2693 1239 2754 nusquam
1259 2680 1386 2745 narrat-3

100 2794 284 2859 HeSlOdUS⁶
301 2794 363 2857 ait:
386 2803 466 2869 αὐτὸς
481 2800 507 2863 δ’
519 2804 550 2862 ἐκ
564 2806 685 2880 κεφαλῆς
698 2802 870 2878 γλαυκώπιδα
886 2801 1066 2879 Τριτογένειαν
1082 2789 1165 2873 (scih
1184 2793 1310 2873 ἔτικτεν),
1330 2789 1388 2853 Sed

99 2913 222 2991 nescio,
240 2936 318 2976 num
335 2916 416 2977 haec
433 2935 507 2976 oum
523 2935 635 2976 eorum
650 2920 775 2990 tenore,
795 2933 918 2994 quaev.
931 2915 992 2974 886
1004 2934 1053 2993 sq.
1069 2911 1237 2992 leguntur,
1256 2931 1388 2992 prorsus

100 3040 296 3116 congruant.
322 3033 389 3096 Ubi
405 3055 479 3097 cum
495 3032 625 3116 Jupiter
640 3031 747 3094 Metin
763 3031 796 3093 in
811 3038 926 3094 ventre
943 3031 1019 3093 ειιοθ
1036 3028 1230 3112 imposuisse
1248 3028 1385 3106 dicatur,

99 3151 240 3216 fortasse
260 3152 359 3216 etiarn
371 3152 543 3216 mulierum
553 3151 620 3215 ritu
631 3150 733 3213 filiam
749 3151 864 3214 enixus
881 3171 952 3213 esse
969 3149 1135 3232 putandus
1152 3154 1213 3226 est,
1232 3147 1387 3230 quemad-

98 3272 235 3335 modum
247 3272 431 3356 Dionysum
441 3272 635 3335 Thebanum
651 3270 682 3332 in
700 3269 807 3333 femur
822 3269 985 3332 inclusum
1003 3291 1043 3332 ex
1058 3268 1181 3331 femore
1197 3265 1385 3349 progenuit.

168 3544 178 3575 ¹
196 3546 237 3597 cf.
259 3547 414 3608 Gerhard,
438 3549 518 3598 Πολιέα
540 3549 662 3612 Orpheus,
677 3564 706 3611 p.
727 3549 759 3594 48
779 3545 813 3594 N.
832 3549 874 3592 ⁴25.

168 3629 238 3682 ²01⁴.
256 3634 380 3698 Apollod.
400 3634 471 3683 Bibl.
492 3635 515 3693 I,
535 3638 559 3694 3,
579 3638 593 3681 6
614 3640 638 3682 et
655 3633 748 3682 Aescu.
768 3633 854 3680 Prona
874 3647 899 3679 ιι.
920 3632 932 3678 7
937 3634 967 3676 55
982 3646 1020 3692 sq.

167 3714 234 3767 8Εο
252 3719 321 3768 enim
339 3719 407 3782 apud
426 3717 558 3782 Orpheum
577 3719 625 3766 dea
643 3722 681 3766 est
699 3716 811 3765 fatidica.

168 3799 258 3868 ‘Apa
275 3821 304 3869 p.
326 3809 382 3851 540.

166 3885 287 3954 δέλεαρ.
307 3907 331 3939 o.
353 3895 402 3939 924
415 3907 454 3955 sq.

166 3970 257 4042 6Ἕὴν
281 3972 421 4044 ἐγκάτθετο
450 3973 537 4045 νηδύν.
574 3973 832 4024 Masculofemineum
859 3972 927 4020 hunc
951 3971 1027 4020 deum
1054 3984 1110 4019 esse
1136 3968 1253 4033 Orpheus
1282 3983 1384 4032 quoque

96 4059 180 4109 verbis
199 4059 337 4123 significat:

346 4143 412 4204 Ζεὺς
431 4144 511 4216 ἄρσην
530 4145 625 4215 γένετο,
646 4141 712 4200 Ζεὺς
731 4139 857 4213 ἄμβροτος
877 4138 968 4191 ἔπλετο
986 4139 1083 4211 νύμφη.

97 4229 165 4280 Oum
184 4232 251 4281 enim
269 4233 372 4296 Jupiter
394 4247 482 4282 omnes
505 4232 532 4280 in
555 4246 583 4280 se
600 4245 685 4279 rerum
703 4229 896 4278 contrarietates
921 4225 1129 4289 comprehendat,
1155 4239 1262 4274 sexuum
1281 4239 1383 4288 quoque

97 4316 256 4367 differentiae
282 4318 314 4367 ab
342 4317 396 4380 ejus
422 4325 515 4366 natura
542 4317 711 4368 secludendue
737 4315 863 4375 videntur.
909 4311 950 4361 Cs.
978 4311 1209 4360 Hildebrandii
1236 4319 1323 4360 notam
1350 4312 1383 4360 ud

96 4403 196 4468 Appon
216 4406 257 4454 na
274 4405 372 4454 namo
391 4422 412 4453 ι.
433 4407 464 4452 ar
485 4403 527 4467 (n
548 4402 678 4464 1n42⁹l
