3038 4988
114 464 231 545 goniae
253 453 421 548 principiis
441 488 574 548 prorsus
594 466 730 531 libidine
753 489 835 549 quae
860 467 923 531 sibi
947 469 1116 551 placerent
1141 468 1294 552 eligeret,
1317 490 1392 532 con-

114 589 273 662 necteret,
289 584 492 667 expingeret.
518 585 636 668 Itaque
653 586 733 649 satis
748 609 818 650 esse
831 587 872 651 ad
886 587 1177 652 demonstrandam
1189 587 1392 652 Phoeniceae

116 711 149 764 et
171 703 383 782 Hellanioeae
408 704 638 787 cosmogoniae
660 705 889 788 cognationem
912 706 1080 784 existimo,
1104 707 1132 768 si
1151 715 1186 770 et
1206 707 1393 769 universum

115 821 284 904 utriusque
301 822 474 885 decursum
491 823 622 886 omnino
641 847 753 908 parem
769 825 869 888 fuisse
887 831 920 888 et
937 847 990 903 ea,
1013 847 1095 907 qnae
1112 850 1130 890 a
1148 826 1236 889 notis
1253 824 1394 888 Phoeni·

116 964 190 1004 curn
206 941 410 1024 genealogiis
426 943 512 1025 apud
529 943 699 1027 Orpheum
714 944 929 1021 abhorreant,
952 944 1163 1007 nihilominus
1183 967 1257 1007 curn
1277 945 1394 1008 ceteris

115 1063 213 1144 hujus
235 1060 346 1143 gentis
368 1061 657 1145 superstitionibus
679 1063 801 1146 optime
823 1063 995 1126 convenire
1017 1063 1274 1146 probaverimus.
1311 1061 1394 1126 Quis

115 1188 225 1243 autem
240 1188 352 1263 neget,
368 1186 477 1243 totum
493 1192 633 1244 stemma
649 1182 823 1260 Hellanioi,
841 1182 927 1265 quod
944 1203 1030 1246 nunc
1047 1183 1226 1267 amputatis
1243 1183 1393 1246 omnibns

115 1299 307 1363 adulterinis
324 1300 462 1363 surculis
479 1303 567 1363 hunc
582 1300 616 1363 in
632 1301 766 1364 modum
782 1301 826 1364 sit
842 1301 1110 1365 describendum:

530 1428 633 1507 Χρόνος
647 1430 763 1507 ἀγήραος
842 1427 930 1507 Αἰθήρ
1011 1431 1086 1497 Χάος

498 1423 665 1626 ΙἯρακλῆς

346 1886 840 2188 Οὐρῶῆ

498 2237 516 2534 Ι
532 2137 702 2308 Πρωτόῆγονος

532 2348 598 2423 Πάν,
617 2349 708 2427 Φάνης

527 2465 700 2547 Ἠρικεπαῖος

116 2603 218 2664 paene
239 2580 390 2645 omnibus
411 2579 554 2643 numeris
571 2600 644 2640 cum
661 2579 978 2656 SanchuniathoniS,
1002 2578 1156 2656 Eudemi,
1180 2577 1294 2641 Moohi
1310 2577 1395 2640 rela-

115 2700 261 2764 tionibus
285 2701 484 2783 congruere?
529 2698 656 2763 Deinde
679 2699 706 2761 si
727 2721 785 2782 pro
807 2708 897 2790 χρόνῳ
919 2698 1064 2781 vulgaris
1081 2698 1161 2761 deus
1183 2707 1253 2760 erat
1274 2695 1396 2759 substi-

115 2821 270 2898 tuendus,
288 2820 360 2903 quis
377 2842 417 2882 ex
433 2825 543 2882 mente
554 2818 756 2881 Phoenicum
772 2818 879 2901 aptior
894 2817 998 2881 videri
1012 2816 1122 2902 potuit
1132 2839 1228 2899 quam
1239 2815 1398 2879 Hercules

116 2939 244 3021 Tyrius,
261 2939 446 3002 indefessus
463 2937 591 3001 zodiaci
605 2939 809 3022 permeatur?
834 2937 976 3000 Videtur
992 2944 1103 3000 autem
1119 2935 1278 2999 Hercules
1295 2935 1398 2998 solam

116 3058 274 3141 temporis
292 3057 416 3120 aeterni
426 3057 595 3121 notionem
611 3056 776 3140 accepisse
793 3078 898 3139 neque
909 3079 980 3119 eam
997 3056 1105 3133 simul,
1124 3079 1219 3139 quam
1230 3062 1400 3138 praeterea

117 3181 222 3254 Aeon,
241 3179 335 3260 cujus
351 3178 461 3239 locum
477 3184 581 3253 tenet,
599 3183 717 3239 natura
733 3198 792 3238 sna
808 3175 1012 3238 continebat.
1037 3176 1115 3238 Non
1131 3175 1218 3238 enim
1227 3173 1397 3252 Hercules,

117 3297 175 3359 sed
190 3298 319 3359 Phanes
342 3304 394 3359 est
410 3296 513 3359 totius
529 3295 643 3358 mundi
663 3302 697 3357 et
713 3294 864 3357 conditor
880 3302 914 3358 et
929 3297 1157 3378 archetypum.
1204 3293 1399 3377 Cujusmodi

115 3415 313 3500 permutatio
330 3423 401 3478 tum
417 3415 514 3478 facile
530 3414 641 3499 potuit
657 3413 804 3491 evenire,
828 3421 1004 3498 postquam
1020 3413 1201 3477 Phoenices
1218 3435 1285 3476 non
1300 3420 1397 3475 natu-

115 3536 217 3599 ralem
234 3536 348 3613 solem,
367 3535 424 3598 sed
440 3534 617 3618 mysticum
628 3534 791 3616 quendam
806 3533 890 3596 lucis
901 3534 1060 3596 daemona
1077 3555 1117 3595 ex
1128 3534 1200 3595 Ovo
1210 3532 1397 3617 prorupisse

117 3655 223 3718 dicere
246 3660 496 3718 consueverunt.
542 3652 685 3716 Nomina
709 3660 819 3716 autem
841 3651 1000 3716 Phanetis
1022 3674 1134 3716 rursus
1156 3674 1228 3715 cum
1252 3653 1399 3715 Sanchu·

116 3775 283 3838 niathonis
303 3775 553 3838 nomenclatura
572 3778 607 3834 et
626 3794 700 3835 cum
720 3771 853 3854 linguae
869 3771 1055 3835 Phoenicas
1076 3770 1207 3853 legibus
1228 3778 1304 3855 apte
1321 3792 1397 3833 con-

117 3895 263 3957 veniunt.
304 3899 477 3981 Πρωτόγονον
492 3892 579 3956 enim
595 3891 718 3956 Aeonis
735 3891 869 3954 fratrem
887 3915 905 3954 a
922 3890 1212 3954 Sanchuniathone
1229 3889 1398 3974 appellari,

117 4015 182 4077 iarn
207 4037 305 4097 snpra
329 4013 454 4076 dictum
480 4018 542 4075 est.
598 4011 768 4096 Ericapaei
792 4033 913 4074 nomen
937 4017 1046 4073 autem
1071 4009 1188 4073 melius
1214 4031 1254 4072 ex
1277 4008 1400 4092 linguis

120 4132 285 4196 Semitiois
302 4155 398 4214 quam
410 4131 636 4216 Aegyptiaca¹
655 4130 911 4216 derivariposse,
930 4129 1011 4193 mihi
1025 4152 1217 4214 persuasum
1233 4135 1295 4192 est.
1322 4129 1400 4192 Ete-
1486 4204 1489 4213 Ι

187 4338 300 4404 ¹Zoega
323 4342 464 4404 (Abbassdl.
481 4359 510 4405 p.
531 4341 593 4403 261)
617 4341 666 4388 hoc
691 4354 785 4388 nomen
808 4340 905 4388 denval
927 4355 942 4387 a
964 4338 1092 4387 radicibus
1115 4337 1282 4400 Aegyptiacis
1306 4337 1353 4408 εἰρι
1376 4344 1401 4386 et

117 4425 184 4495 ·ηβ,
208 4426 245 4474 ita
261 4434 290 4475 ut
307 4427 463 4489 Erioapaeus
482 4426 527 4486 sit,
553 4428 617 4485 „der
640 4426 877 4492 Vervielfcuiqeru
917 4425 958 4473 Ita
980 4426 1048 4473 enirn
1070 4422 1192 4490 Priapum
1213 4423 1245 4472 ab
1263 4423 1396 4487 Aegyptiis

1171 4510 1188 4562 7
