3038 4988
736 233 775 294 5⁷

671 320 842 328 ,φ’-.-

114 458 235 500 nomen
255 445 325 523 ἱερός
345 445 430 522 λόγος,
453 436 540 519 quod
555 433 606 498 illi
627 434 689 497 soli
705 435 844 518 primum
867 440 938 497 erat
954 433 1101 511 carmini,
1124 442 1201 517 post
1216 457 1288 500 eam
1310 457 1398 499 com-

113 554 365 640 prehensionem
387 555 422 618 in
443 562 553 618 totum
575 577 692 638 corpus
712 560 943 638 propagatum,
968 553 1075 616 sedin
1096 576 1268 617 numerum
1290 555 1398 639 plura·

115 678 180 739 lem
206 683 271 762 ἱεροὶ
294 683 366 760 λόγοι
390 696 583 739 conversum
609 681 676 752 est,
709 673 785 757 quia
808 695 875 735 non
898 672 964 736 iam
988 680 1103 756 aptum
1130 673 1307 738 videbatur
1329 682 1399 738 tam

114 796 216 878 longo
234 801 268 858 et
283 794 317 857 in
332 801 385 858 tot
400 794 593 877 rhapsodias
609 794 740 877 digesto
758 792 858 876 operi.
884 792 983 855 Quod
993 791 1021 854 si
1036 791 1084 857 ita
1094 800 1155 871 est,
1173 793 1270 857 facile
1282 794 1399 857 Suidas

115 914 274 997 Epigonis
291 914 331 977 de
348 915 419 977 solo
436 923 547 977 vetere
565 920 629 1001 ἱερῷ
646 923 716 999 λόγῳ
737 911 894 976 iudicium
909 913 1062 976 adtotas
1078 912 1271 995 rhapsodias
1291 920 1399 976 trans·

114 1033 200 1097 ferre
230 1033 371 1116 potuit.¹
417 1033 535 1116 Itaque
561 1033 741 1116 Cercopem
770 1034 1019 1116 Pythagoreum
1048 1038 1195 1095 veterem
1220 1032 1400 1116 Orphicam

115 1152 342 1236 Theogoniam
358 1152 538 1236 scripsisse,
555 1153 647 1215 nullo
663 1160 813 1216 veterum
829 1157 999 1214 auctorum
1016 1151 1207 1214 testimonio
1225 1151 1398 1215 evincitur.

114 1273 233 1355 Neque
248 1293 300 1335 res
316 1273 419 1335 ullam
434 1293 493 1356 per
508 1293 543 1335 se
558 1271 810 1357 probabilitatis
820 1270 963 1355 speciem
978 1271 1092 1334 habet.
1125 1270 1259 1333 Etenim
1274 1272 1401 1354 Pytha·

115 1391 223 1475 gorei,
255 1391 311 1474 qui
335 1390 616 1455 Pisistratidarum
646 1389 851 1475 temporibus
876 1388 1020 1452 Athenis
1048 1389 1211 1473 Orphieos
1241 1391 1399 1472 agebant,

115 1533 230 1575 omnes
254 1510 320 1574 iam
343 1510 463 1575 imbuti
487 1517 581 1574 erant
604 1509 672 1573 illis
696 1509 846 1594 mysticis
871 1508 1097 1592 opinionibus,
1126 1531 1208 1592 quae
1234 1530 1275 1572 ex
1299 1508 1401 1572 sacris

115 1630 269 1694 Bachicis
290 1630 331 1693 ad
352 1629 501 1693 initiatos
524 1630 745 1694 emanarent.²
783 1629 867 1692 Cum
887 1628 991 1712 igitur
1006 1650 1105 1712 supra
1126 1627 1401 1691 demonstraveri-

115 1773 200 1826 mus,
217 1750 378 1833 Zagreum
400 1749 433 1811 in
449 1747 642 1832 Theogonis
662 1749 773 1812 sedem
795 1771 861 1811 non
882 1747 1048 1826 habuisse,
1071 1770 1138 1810 non
1157 1748 1314 1811 credibile
1336 1756 1399 1825 est,

116 1891 189 1933 eam
199 1870 240 1933 ab
257 1868 366 1951 aliquo
376 1870 588 1953 Pythagoreo
606 1869 782 1931 confictam
798 1889 881 1931 esse.
906 1869 1079 1930 Postremo
1091 1866 1284 1930 Aristotelis
1300 1867 1401 1931 verba

117 1991 145 2074 ό.
170 1991 189 2051 3
212 1994 246 2051 et
270 1990 286 2051 7
309 1988 478 2071 proposita
499 1987 685 2050 luculenter
706 1986 855 2050 evincere
878 1985 959 2049 mihi
982 1985 1151 2064 videntur,
1174 1986 1401 2069 Theogoniam

116 2106 297 2192 Orphicam
318 2129 424 2189 neque
446 2129 464 2170 a
485 2105 574 2189 puris
596 2106 685 2189 putis
706 2105 913 2189 philosophis
929 2127 1035 2188 neque
1057 2107 1098 2168 ab
1117 2105 1184 2168 illis
1206 2107 1401 2193 μεμιγμένοις,8

117 2248 199 2309 quos
221 2233 319 2290 vocat
341 2226 553 2306 Aristoteles,
577 2225 744 2310 scriptam,
771 2225 829 2288 sed
851 2247 869 2288 a
890 2226 1031 2307 quodam
1052 2234 1152 2308 poeta
1173 2224 1401 2289 vetustissimo

117 2353 152 2410 et
175 2345 209 2409 in
230 2345 352 2409 fabulis
377 2346 512 2409 deorum
535 2345 722 2409 enarrandis
747 2345 788 2408 ab
809 2344 945 2407 Homeri
970 2351 1004 2406 et
1025 2343 1163 2408 Hesiodi
1187 2343 1400 2428 simplicitate

115 2487 220 2550 paene
241 2464 325 2529 nihil
349 2464 517 2528 recedenti
539 2465 756 2548 compositam
781 2485 864 2527 esse.
911 2464 1062 2527 Quacum
1087 2462 1253 2527 sententia
1277 2463 1402 2546 optime

117 2592 316 2668 congruunt,
340 2606 423 2667 quae
448 2586 564 2667 supra⁴
589 2584 629 2647 de
649 2591 722 2647 toto
743 2604 921 2666 progressu
942 2590 975 2645 et
998 2582 1111 2646 ordine
1133 2584 1230 2666 hujus
1248 2582 1400 2646 carminis

116 2702 302 2767 Hesiodeae
324 2703 535 2786 Theogoniae
557 2703 723 2766 simillimo
747 2702 843 2766 etde
865 2700 1005 2784 singulis
1027 2701 1149 2765 fabulis
1171 2701 1205 2765 in
1227 2724 1264 2765 eo
1286 2701 1401 2765 relatis

116 2823 271 2886 diximus.
308 2825 457 2886 Phanete
473 2822 560 2886 enim
581 2830 616 2885 et
630 2822 756 2905 Zagreo
773 2820 935 2903 ademptis
953 2842 1057 2904 paene
1072 2819 1156 2884 nihil
1172 2827 1288 2899 restat,
1312 2819 1401 2904 quod

117 2942 260 3006 alienum
278 2941 356 3006 sita
375 2941 551 3006 veterrima
567 2941 769 3005 Graecorum
784 2940 1004 3024 mythologia,
1029 2940 1135 3023 qualis
1152 2940 1329 3023 conspicua
1348 2946 1402 3003 est

115 3060 274 3140 inIliade,
287 3061 449 3145 Odyssea,
460 3060 573 3144 primis
580 3059 712 3145 hymnis
719 3058 914 3137 Homericis,
928 3059 1068 3123 Hesiodi
1077 3059 1286 3139 carminibus,
1298 3059 1400 3143 quod·

117 3202 180 3263 que
195 3180 387 3244 recentioris
404 3180 523 3244 aetatis
540 3181 684 3244 colorem
699 3187 733 3244 et
749 3178 859 3242 studia
874 3178 1005 3262 prodat.

186 3453 196 3484 ¹
215 3455 307 3506 Suidas
327 3455 408 3528 ἱεροὺς
425 3455 516 3525 λόγους
537 3458 621 3520 primo
644 3457 702 3506 loco
720 3456 870 3520 Theogneto
888 3456 1014 3506 Thessalo
1038 3457 1102 3520 (non
1120 3457 1258 3520 Diogneto,
1278 3463 1307 3506 ut
1325 3455 1403 3506 Ger·

116 3543 206 3604 hard,
227 3544 246 3592 l.
266 3561 288 3592 a.
309 3543 344 3594 N.
365 3546 412 3593 167
432 3542 545 3607 scripsit)
563 3542 659 3591 tribuit.
698 3542 732 3592 si·
744 3549 834 3607 postea
852 3541 996 3606 Cercopem
1016 3556 1119 3605 quoque
1137 3542 1238 3591 induxit
1255 3548 1400 3606 propterea,

117 3628 186 3690 quod
204 3627 227 3676 is
250 3627 281 3675 ab
300 3627 417 3691 Epigono
435 3636 525 3677 auctor
541 3628 644 3677 habitus
663 3635 717 3677 erat
733 3632 778 3678 τοῦ
804 3626 871 3698 ἱεροῦ
890 3625 966 3695 λόγου
992 3628 1010 3676 i.
1030 3642 1053 3676 e.
1073 3627 1237 3688 Palinodiae‚
1263 3635 1402 3691 quactum

116 3720 243 3776 parserat
259 3714 336 3762 totius
350 3712 457 3777 Orphici
475 3713 597 3776 corporis,
617 3713 724 3762 fortasse
738 3713 867 3776 quispiam
885 3712 963 3773 dicat,
985 3712 1163 3776 Theognetum
1176 3712 1317 3761 adhibitum
1334 3727 1402 3774 esse,

117 3798 178 3860 quia
197 3814 213 3847 a
230 3799 361 3847 nonnullis
379 3805 470 3846 auctor
486 3798 590 3847 alterius
608 3799 687 3861 partis
704 3797 722 3846 i.
736 3812 759 3846 e.
778 3797 946 3860 Theogoniae
965 3796 1066 3845 habitus
1085 3797 1126 3846 sit.
1164 3795 1216 3846 Sed
1234 3798 1292 3860 quis
1310 3805 1403 3861 poetae

117 3880 226 3932 Comico
246 3883 338 3946 (Faba.
357 3883 397 3943 II,
417 3883 478 3946 500)
496 3883 563 3932 serio
581 3883 606 3931 id
625 3898 727 3932 carmen
746 3883 940 3932 celeberrimum
961 3890 985 3932 et
1002 3882 1165 3932 veterrimum
1182 3883 1369 3946 assignaverit?

185 3964 196 3996 ²
215 3968 371 4027 Gerania,
391 3968 410 4017 ι.
431 3986 453 4018 ο.
473 3968 507 4018 Ν.
529 3973 586 4029 ns,
607 3972 665 4028 111,
687 3973 745 4017 ris.

186 4048 279 4103 8Μοό.
291 4071 320 4118 p.
338 4057 398 4101 1091
414 4054 440 4102 b:
459 4049 530 4121 οἵγε
549 4053 700 4122 μεμιγμένοι
718 4050 802 4104 αὐτῶν
814 4053 908 4123 καὶτῷ
927 4051 964 4121 μὴ
985 4049 1101 4120 μυθικῶς
1119 4050 1219 4104 ἅπαντα
1237 4051 1328 4122 λέγειν,
1347 4049 1402 4103 οἷον

117 4134 269 4209 Φερεκύδης
292 4137 338 4189 καὶ
361 4136 443 4210 ἕτεροί
466 4156 539 4198 τινες,
563 4138 592 4189 τὸ
608 4144 731 4208 γεννῆσαν
754 4146 854 4210 πρῶτον
873 4134 972 4210 ἄμοτον
990 4135 1097 4190 τιθέασι.
1116 4167 1150 4176 -
1169 4137 1290 4188 Ceterum
1309 4152 1400 4198 exea,

117 4238 195 4286 quam
212 4224 239 4272 in
257 4231 330 4272 textu
347 4225 464 4289 apposui,
484 4240 563 4273 causa
579 4224 743 4274 manifestum
761 4231 809 4285 est,
828 4239 860 4273 ne
878 4224 910 4273 de
924 4222 1028 4288 Orpheo
1047 4225 1150 4287 quidem
1163 4221 1313 4272 Crotoniata
1331 4222 1402 4286 cogi·

117 4310 224 4358 tandum
243 4323 308 4370 esse,
328 4311 371 4372 qui
389 4325 441 4360 non
459 4311 543 4360 minus
561 4325 637 4373 quam
656 4308 769 4374 Cercops
787 4309 972 4374 Pymagoricae
993 4317 1078 4359 sectae
1096 4309 1211 4358 addictus
1229 4307 1314 4357 fucrit.

186 4390 198 4421 ⁴
216 4395 238 4458 ς.
259 4399 284 4443 2.
