3038 4988
762 224 780 282 2

130 421 239 504 logiae
256 427 290 484 et
306 420 535 504 philosophiae
552 421 676 504 peritos
694 430 836 502 constat,
858 432 968 488 utrum
984 427 1047 488 hcc
1064 448 1195 490 carmen
1216 427 1276 490 diis
1293 427 1414 492 fabulis

131 540 289 611 doctrinis
309 540 362 602 vel
381 563 513 623 prorsus
529 540 687 603 inauditis
704 543 757 604 vel
774 544 814 605 ab
831 543 881 621 iis,
901 567 982 626 quae
1000 545 1100 627 vulgo
1117 569 1136 608 a
1152 546 1286 609 Graecis
1304 548 1414 610 crede-

129 661 261 737 bantur,
285 658 400 722 alienis
417 660 550 743 plenum
566 660 631 722 iam
647 660 814 724 Pisistrati
829 663 1033 745 temporibus
1050 664 1210 746 scriptum
1226 665 1271 727 sit
1286 689 1327 728 an
1349 667 1414 729 vile

129 778 348 862 posteriorum
365 777 636 861 synoretistarum
659 788 882 843 commentum
898 783 1070 861 habeatur,
1094 784 1182 846 haud
1198 784 1315 848 inutile
1337 785 1415 848 duxi

128 890 198 960 rem
214 898 321 961 denuo
331 904 486 960 tractare.
513 896 631 960 Quain
646 920 680 961 re
695 920 769 961 cum
785 901 891 982 magis
901 900 935 964 in
950 901 1001 979 iis,
1020 924 1101 984 quae
1112 902 1176 964 iam
1192 902 1414 966 Lobcckius

129 1017 259 1094 attulit,
292 1016 503 1099 disponendis
529 1022 563 1078 et
589 1016 812 1080 examinandis
838 1042 934 1101 quam
959 1021 993 1083 in
1017 1025 1109 1083 novis
1133 1021 1333 1085 testimoniis
1358 1023 1414 1085 ad·

130 1135 296 1198 struendis
318 1143 507 1198 versaturus
530 1135 606 1213 sim,
631 1135 754 1218 aliquid
776 1137 856 1200 mihi
878 1139 1046 1202 solaminis
1068 1141 1177 1218 affert,
1205 1141 1292 1222 quod
1314 1141 1413 1202 etiam

37 1298 40 1303 «
126 1254 210 1317 alios
226 1254 314 1317 viros
331 1254 543 1316 doctissimos
557 1277 662 1338 pauca
678 1263 808 1318 tantum
825 1257 924 1340 penui
939 1258 979 1321 ab
996 1257 1054 1321 illo
1072 1265 1230 1341 congesto
1248 1258 1413 1321 addidisse

127 1373 235 1435 vide0.
277 1376 358 1457 Spes
375 1373 461 1437 euim
483 1373 530 1436 ita
546 1380 609 1452 est,
633 1381 690 1436 aut
706 1376 798 1437 nulla
820 1383 877 1438 aut
893 1398 1055 1460 perpauca
1077 1377 1164 1440 scitu
1180 1378 1280 1461 digna
1302 1377 1412 1462 dispu-

125 1492 249 1555 tationi
264 1514 355 1556 meae
372 1493 526 1556 defutura
543 1514 626 1555 esse.

213 1612 304 1675 Haec
321 1612 488 1695 praefatus
506 1611 620 1674 statim
636 1634 688 1675 me
704 1613 745 1675 ad
761 1634 830 1675 rem
847 1621 1048 1678 convertam.

724 1853 753 1934 t.
780 1855 810 1914 1.

210 2004 350 2068 Initium
375 2002 554 2086 quaerendi
578 2025 683 2085 neque
709 2026 727 2064 a
749 2004 911 2086 catalogis
935 2005 1094 2068 librorum
1117 2006 1351 2089 Orphioorum,
1377 2005 1411 2066 in

127 2125 245 2208 quibus
267 2146 307 2187 ne
329 2123 454 2186 mentio
478 2121 611 2204 quidem
630 2122 846 2204 rhapsodicae
868 2124 1078 2206 Theogoniae
1100 2125 1193 2201 fiat,¹
1217 2123 1412 2207 capiendum

126 2266 198 2308 esse
223 2242 375 2306 existimo
401 2263 506 2324 neque
537 2265 556 2304 a
580 2240 713 2303 Proculi
741 2242 943 2324 aliorumque
968 2243 1138 2305 Novarum
1164 2242 1411 2305 Platonicorum

127 2363 269 2446 scriptis,
288 2361 437 2445 quamvis
453 2360 500 2423 ibi
516 2360 706 2442 saepissime
722 2360 781 2423 illa
798 2368 1072 2424 commemoretur
1088 2368 1122 2423 et
1137 2361 1301 2423 laudetur.
1335 2362 1410 2423 Pla-

128 2483 196 2546 cuit
212 2484 275 2545 hoc
290 2479 506 2557 Lobeclrio,
531 2478 597 2561 qui,
621 2485 659 2541 ut
673 2478 757 2542 illud
776 2480 958 2562 Orphicum
975 2502 1105 2542 carmen
1121 2479 1186 2542 iam
1208 2481 1248 2542 ab
1266 2480 1409 2543 Onoma-

127 2602 209 2664 critc
231 2600 455 2683 conscriptum
472 2621 543 2662 esse
564 2600 815 2676 demonstraret,
839 2601 901 2662 hac
917 2599 1042 2661 ratione
1064 2622 1141 2661 usus
1163 2606 1224 2662 est.
1264 2598 1409 2661 Primum

126 2721 232 2784 multa
259 2719 317 2782 illa
340 2719 526 2801 fragmenta
556 2717 699 2781 fabulosi
721 2725 837 2800 poetae
865 2717 997 2781 nomine
1018 2718 1191 2801 inscripta,
1220 2739 1302 2800 quae
1324 2717 1411 2800 apud

127 2840 303 2902 Proculum
326 2839 460 2921 eiusque
483 2837 613 2900 sodales
631 2843 816 2914 occurrunt,
842 2858 882 2899 ex
897 2859 962 2899 unc
988 2838 1168 2919 eodemque
1191 2835 1332 2899 carmine
1355 2835 1410 2898 de-

125 2965 279 3042 prompta
300 2979 372 3020 esse
395 2965 429 3020 et
449 2959 512 3020 hoc
534 2957 641 3039 ipsum
664 2978 794 3019 carmen
810 2955 902 3018 illam
924 2977 995 3018 esse
1012 2956 1237 3038 Theogoniam
1259 2955 1292 3017 in
1313 2957 1409 3037 rhap-

127 3077 236 3140 sodias
259 3076 458 3160 descriptam
473 3083 508 3139 et
528 3082 599 3137 tum
616 3074 774 3156 temporis
796 3075 936 3137 maxime
958 3075 1207 3157 pervulgatam²
1230 3073 1409 3137 lectoribus

126 3197 321 3281 persuadere
339 3196 484 3258 studet.⁸
523 3199 573 3257 Ac
590 3193 670 3256 mihi
693 3193 822 3275 quidem
841 3215 957 3275 operae
979 3193 1122 3276 pretium
1137 3193 1245 3256 iacere
1267 3192 1407 3255 videtur.

127 3316 193 3379 Sed
209 3317 249 3379 de
271 3315 310 3378 iis
333 3337 416 3398 quae
433 3319 616 3396 sequuntur
636 3312 706 3375 viro
723 3311 857 3394 egregio
880 3312 1033 3376 assentiri
1053 3336 1120 3375 non
1141 3335 1285 3396 possum.
1327 3310 1410 3371 Cum

127 3434 213 3498 enim
237 3435 397 3518 quaedam
413 3431 667 3515 deprehenderit
688 3431 723 3494 in
737 3431 887 3494 Platonis
909 3432 1043 3514 eiusque
1060 3432 1244 3514 aequalium
1266 3428 1408 3512 scriptis,

127 3575 210 3638 quae
227 3560 284 3616 aut
301 3552 450 3615 dissertis
466 3550 575 3614 verbis
592 3551 725 3633 Orpheo
743 3549 1006 3614 adscriberentur
1022 3558 1080 3614 aut
1095 3549 1278 3613 doctrinam
1289 3547 1408 3631 Orphi-

128 3695 199 3736 cam
209 3672 407 3748 redolerent,
425 3670 529 3764 iisque
542 3669 672 3732 collatis
689 3691 763 3731 cum
772 3668 966 3752 fragmentis
983 3670 1069 3754 apud
1078 3669 1255 3732 Proculum
1270 3667 1409 3749 repertis

128 3791 244 3855 miram
264 3790 351 3854 inter
371 3797 511 3872 utraque
534 3787 766 3870 cognationem
787 3788 1045 3852 animadvertere
1067 3787 1131 3851 sibi
1152 3787 1240 3851 visus
1263 3787 1317 3864 sit,
1344 3809 1410 3849 non

197 4029 279 4081 1Sub
303 4031 400 4080 calcem
424 4031 478 4079 eius
502 4029 622 4092 catalogi,
648 4043 724 4091 quem
743 4028 837 4078 Suidas
855 4047 876 4080 s.
896 4047 919 4080 v.
955 4023 1064 4100 Ὀρφεύς
1082 4029 1194 4088 exhibet,
1212 4042 1293 4090 nuper
1312 4025 1409 4075 Gais-

128 4119 253 4168 iordius
272 4135 302 4167 es
320 4119 376 4167 cod.
395 4119 431 4166 A.
451 4116 549 4164 addidit
568 4111 702 4184 Θεογονίαν
721 4113 769 4184 ἔπη
790 4102 829 4184 qis.
862 4116 891 4164 Id
910 4116 979 4178 quod
997 4116 1074 4164 etiarn
1091 4114 1284 4176 Bernhardy
1302 4114 1407 4177 recepit.

129 4203 181 4253 Sed
199 4203 311 4252 dubitari
329 4210 423 4267 potest,
442 4217 474 4250 an
493 4202 557 4251 haec
575 4216 626 4250 non
646 4202 679 4250 sit
695 4202 867 4264 interpolatio.

196 4285 379 4338 ’Damascius
399 4289 417 4338 l.
438 4306 460 4339 o.
481 4302 538 4336 eam
554 4285 602 4354 τὴν
621 4283 719 4356 suenda
739 4288 858 4350 appellat.

197 4371 268 4424 ³cf.
287 4376 349 4440 syl.
365 4392 396 4440 p.
416 4379 475 4424 489.
