3038 4988
741 225 780 286 32

120 439 151 497 ἐκ
164 414 329 514 παρατριβῆς
345 437 380 502 εἰς
395 433 445 496 δύο
460 434 578 515 ἐρράγη·
598 437 630 496 τδ
646 436 694 512 μὲν
708 433 754 494 οὖν
768 406 840 494 κατὰ
860 437 979 513 κορυφὴν
1000 435 1083 494 αὐτοῦ
1105 434 1214 513 οὐρανὸς
1236 432 1299 493 εἶναι
1320 434 1407 494 ἐτελέ-

119 556 190 634 σθη,
209 557 240 615 τὸ
257 558 286 616 δὲ
301 556 462 637 κατενεχθὲν
476 548 538 632 γῆ.1
570 554 697 632 Προῆλθε
714 554 803 616 δὲκαὶ
818 554 882 620 θεὸς
897 542 936 632 Γῆ
954 554 996 612 διὰ
1012 555 1150 631 σώματος·
1181 549 1299 629 Οὐρανὸς
1316 554 1347 611 δὲ
1362 552 1407 631 Fr]

86 745 87 748 γ
119 675 224 756 μιχθεὶς
238 680 315 753 γεννᾷ
329 673 441 751 θηλείας
456 677 503 751 μὲν
515 673 637 764 Κλωθώ,
649 675 777 756 Λάχεσιν,
784 671 925 752 Ἄτροπον,
941 671 1037 751 ἄνδρας
1049 674 1079 732 δὲ
1091 672 1280 753 ἑκατόγχειρας
1291 670 1406 746 Κόττον,

119 793 219 871 Γόγην,
238 793 391 872 Βριάρεων,
410 794 455 853 καὶ
469 790 626 859 Κύκλωπας
640 792 758 871 Βρόντην
778 793 823 853 καὶ
841 793 978 871 Στερόπην
998 789 1170 871 καὶῙΑργον·
1189 789 1236 856 οὓς
1255 791 1300 850 καὶ
1321 792 1407 868 δήσας

118 913 371 991 κατεταρτάρωσεν,
390 913 563 972 ἐκπεσεῖσθαι
578 912 658 971 αὐτὸν
672 911 724 970 ὑπὸ
738 919 791 973 τῶν
805 911 908 972 παίδων
922 916 970 988 τῆς
985 913 1071 992 ἀρχῆς
1085 911 1189 989 μαθών.
1218 911 1263 970 Διὸ
1278 910 1323 968 καὶ
1339 910 1406 988 ὀργι-

119 1032 247 1108 ασθεῖσὴ
264 1031 285 1090 Γ
287 1056 304 1108 η
319 1032 382 1097 τοὺς
396 1031 509 1096 Τιτᾶνας
524 1032 662 1109 ἐγέννησε·

384 1139 499 1215 Κοόρους
518 1139 543 1194 δ’
564 1141 721 1214 οὐρανίωνας
739 1141 853 1213 ἐγείνατο
870 1143 960 1195 πότνια
978 1138 1073 1202 Γάῖα,2

383 1243 427 1302 οὓς
445 1245 477 1314 δὴ
496 1245 540 1297 καὶ
559 1241 668 1315 Τιτῆνας
686 1243 818 1316 ἐπίκλησιν
835 1245 977 1305 καλέουσιν,

382 1344 475 1399 οὕνεκα
492 1346 616 1418 τισάσθην
634 1348 715 1418 μέγαν
734 1343 848 1419 Οὐρανὸν
867 1347 1027 1419 ἀστεροέντα.
1083 1362 1085 1367 ·

117 1447 245 1510 Deinde
269 1450 518 1531 Athenagoram
542 1449 641 1511 etiam
664 1471 692 1512 ο.
711 1453 750 1513 20
767 1473 800 1533 p.
818 1453 859 1513 92
876 1451 945 1531 ειγ.8
967 1447 1162 1532 Hieronymi
1176 1401 1404 1530 Theogoniam

118 1565 152 1630 in
173 1574 283 1629 mente
305 1567 461 1631 habuisse
467 1616 476 1645 ‚
502 1567 568 1630 iam
589 1568 693 1650 prima
714 1569 814 1632 verba
836 1575 1031 1651 argumento
1054 1574 1146 1630 sunt:
1172 1573 1254 1635 Ἐπεὶ
1274 1576 1404 1634 δὲταῦτα

117 1696 165 1771 μὲν
179 1694 373 1754 διατεθείκασιν
393 1695 480 1755 αὐτῶν
495 1696 528 1755 τά
544 1696 667 1772 σώματα·
688 1696 734 1755 τὸν
748 1698 795 1775 μὲν
805 1695 946 1775 (Ηρακλέα
961 1695 1078 1760 ὅτιθεὸς
1093 1695 1200 1772 δράκων
1214 1695 1322 1766 ἑλικτός,
1342 1692 1405 1759 τοὺς

117 1815 147 1872 δὲ
162 1814 351 1894 ἑκατόγχειρας
366 1813 483 1880 εἰπόντες
497 1819 554 1873 κτλ.
578 1807 676 1869 Quod
692 1806 720 1868 si
734 1806 782 1869 ita
798 1813 860 1884 est,
879 1805 980 1869 etiam
996 1813 1105 1868 cetera
1121 1805 1221 1869 verba
1236 1805 1270 1867 in
1287 1804 1403 1867 eodem

117 1923 225 2006 eapite
247 1923 398 2006 apposita
420 1910 460 1987 ex
483 1926 598 1988 eodem
620 1926 712 1988 fonte
733 1925 803 1989 iure
826 1925 1003 1988 derivanda
1025 1946 1096 1987 esse
1119 1924 1282 1987 existimo,
1317 1924 1403 1986 Sunt

116 2050 227 2105 autem
244 2044 361 2106 haeo:⁴
385 2051 441 2111 Καὶ
454 2052 493 2118 τίς
508 2052 539 2111 ἂν
558 2051 699 2130 ἅνθρωπος
718 2055 872 2130 κεκριμένος
886 2053 935 2112 ,καὶ
956 2054 983 2112 ἐν
1002 2051 1107 2130 θεωρία
1127 2055 1241 2129 γεγονὼς
1261 2052 1311 2111 ὑπὸ
1333 2052 1402 2122 θεοῦ

115 2171 270 2248 γεννηθῆναι
284 2169 421 2230 πιστεόσαι
437 2170 541 2252 ’ἔχιδναν
557 2166 693 2251 (Ὀρφεύς
938 2165 941 2170 ’

373 2275 425 2335 Ἂν
444 2284 473 2335 δὲ
492 2281 598 2353 (θοίνης5
616 2281 699 2353 ἄλλην
717 2282 807 2353 γενεὴν
824 2285 969 2334 τεκνώσατο
988 2282 1072 2351 δεινὴν

380 2386 473 2457 νηδύος
491 2385 517 2446 ἐξ
537 2386 614 2457 ἱερῆς,
634 2385 759 2457 προςιδεῖν
777 2385 926 2456 ροβερωπδν
945 2383 1064 2457 ἔχιδναν,

340 2475 343 2481 ’
378 2487 410 2558 ἧς
428 2493 519 2560 χαῖται
537 2488 584 2556 μὲν
603 2486 652 2539 ἀπὸ
671 2487 764 2558 κρατὸς
781 2486 861 2538 καλὸν
880 2486 908 2538 δὲ
926 2486 1058 2558 πρόσωπον

379 2591 411 2661 ἦν
430 2590 528 2649 ἐςιδεῖν,
547 2589 580 2642 τὰ
599 2589 627 2641 δὲ
645 2588 721 2641 λοιπὰ
740 2590 806 2660 μέρη
825 2589 945 2660 φοβεροῖο
964 2589 1101 2660 δράκοντος

381 2691 490 2765 αὐχένος
509 2691 535 2752 ἐξ
554 2690 645 2763 ἄκρου)

114 2802 132 2878 ἢ
149 2802 228 2862 αὐτὸν
247 2803 292 2862 τὸν
307 2803 418 2880 Φόνητα
434 2800 546 2875 δέξαιτο,
566 2802 630 2861 θεὸν
646 2797 718 2867 ’όντα
729 2801 895 2878 πρωτόγονον
916 2795 1004 2876 (οὗτος
1018 2803 1067 2879 γάρ
1089 2802 1157 2861 ἐστιν
1172 2794 1204 2860 6⁶
1228 2803 1259 2860 ἐκ
1273 2805 1321 2860 τοῦ
1344 2803 1400 2860 duod

184 3015 193 3045 ¹
212 3018 269 3066 Huc
287 3032 369 3080 nsque
386 3017 573 3066 Lobeckius
599 3016 661 3064 citat
674 3033 704 3080 p.
724 3018 783 3063 487.
822 3013 894 3074 Quae
913 3015 1021 3064 subinde
1040 3024 1181 3078 sequuntur
1199 3016 1282 3077 verba,
1299 3033 1329 3080 p.
1351 3020 1400 3062 504

114 3117 167 3151 non
185 3103 268 3152 eidem
286 3102 416 3151 Hellanioi
438 3102 603 3165 Theogoniae
628 3103 673 3150 sed
692 3101 846 3164 Rhapsodiis
869 3101 1014 3149 adscribere
1032 3102 1144 3150 videtur!
1170 3102 1261 3150 Nonne
1279 3102 1305 3149 id
1323 3101 1400 3148 nimis

114 3189 238 3237 violenter
262 3203 277 3235 a
300 3188 354 3235 viro
379 3186 528 3235 doctissimo
551 3186 653 3234 aetum?
670 3212 704 3221 -
723 3183 844 3234 Ceterum
866 3186 942 3234 verba
966 3183 1082 3256 προῆλθε
1109 3185 1137 3236 δὲ
1159 3185 1204 3236 καὶ
1222 3182 1282 3241 θεὸς
1302 3180 1320 3235 Γ
1321 3191 1338 3253 r]
1360 3182 1401 3234 διὰ

116 3275 235 3340 σώματος
258 3273 294 3321 sic
317 3273 443 3334 intellige,
470 3279 498 3320 ut
519 3271 596 3320 verba
613 3285 728 3334 premam
750 3269 805 3320 καὶ
822 3266 905 3326 θεὸς.
940 3270 998 3319 Non
1016 3272 1099 3320 solum
1117 3281 1185 3320 terra
1202 3272 1325 3319 naturalis
1344 3271 1402 3339 (γῆ)

74 3421 77 3426 ,
115 3360 159 3408 sed
178 3359 255 3408 etiam
273 3359 329 3407 dea
346 3359 427 3407 Terra
444 3354 492 3408 οὐκ
511 3354 537 3415 ἐξ
555 3355 640 3428 ἀρχῆς
657 3356 730 3426 ἦσαν,
751 3356 795 3405 sed
814 3355 881 3404 sieut
897 3370 944 3404 nos
958 3371 991 3405 ex
1003 3371 1110 3420 corpore
1123 3358 1234 3420 quodam
1247 3364 1318 3404 ortae
1331 3368 1399 3404 sunt.

183 3440 194 3472 ²
212 3445 253 3493 De
271 3443 311 3492 his
329 3444 444 3492 versibus
464 3442 496 3491 of.
517 3457 582 3504 quae
602 3440 680 3491 Otto
698 3443 812 3490 adnotat.

183 3525 274 3594 ³492.
293 3547 320 3594 p.
343 3533 400 3577 548.
437 3527 631 3590 Athenagoram
649 3545 671 3576 α.
692 3531 724 3575 32
740 3544 768 3591 ρ.
792 3532 838 3575 166
863 3528 896 3575 ad
918 3536 1090 3591 suspectare,
1115 3542 1180 3590 quae
1198 3527 1247 3575 hoe
1266 3527 1349 3590 capite
1368 3527 1400 3576 de

115 3613 188 3664 doris
206 3614 308 3663 incestu
326 3614 474 3674 narraverit,
494 3612 595 3661 abunde
613 3618 692 3675 patet.
713 3609 874 3675 Quapropter
891 3612 959 3660 infra
977 3612 1074 3661 dehoc
1092 3612 1151 3661 loco
1169 3612 1233 3661 nihil
1251 3613 1353 3665 addam.

182 3696 241 3749 ⁴0.
262 3705 294 3747 20
311 3717 338 3764 p.
360 3704 405 3759 963
425 3699 458 3748 cs.
477 3700 541 3763 Agl.
557 3717 587 3764 p.
607 3703 666 3747 493.

183 3775 263 3834 μΑν
281 3787 433 3833 mendosum
451 3792 498 3833 est.
536 3783 588 3833 Cur
610 3783 805 3832 Multaehius
830 3784 861 3847 (l.
882 3802 904 3833 e.
919 3801 949 3849 ρ.
972 3787 1029 3844 171,
1045 3787 1147 3849 fragm,
1171 3785 1250 3843 VHI,
1270 3783 1296 3846 7)
1314 3784 1400 3846 legere

115 3871 233 3919 maluerit
257 3868 300 3919 σὺν
325 3868 354 3920 δὲ
373 3866 475 3938 Φάνης,
500 3871 597 3919 neseio.
633 3870 760 3932 Equidem
784 3871 866 3918 doctis
885 3869 1090 3918 aestimatoribus
1108 3871 1285 3933 proposuerim
1304 3865 1353 3919 Σὺν
1372 3868 1400 3920 δὲ

117 3950 213 4025 Φάνητ’
239 3952 323 4024 ἄλλην
345 3954 413 4014 κτλ.,
440 3956 477 4003 ita
497 3962 528 4003 -ut
552 3971 641 4004 sensus
667 3956 712 4016 sit,
737 3956 874 4005 Herculem
897 3956 950 4004 sive
975 3953 1107 4004 Chronum
1130 3971 1182 4004 una
1205 3971 1263 4004 oum
1285 3955 1400 4004 Phanete

117 4042 223 4091 alterum
241 4049 342 4105 partum
361 4042 480 4091 edidisse.
512 4040 624 4091 Causam
641 4042 758 4094 lectionis
782 4042 820 4090 ita
837 4041 974 4090 mutandae
991 4040 1059 4090 infra
1076 4040 1191 4089 afferam.
1222 4041 1274 4104 (De
1293 4042 1401 4090 elisione

115 4128 207 4177 indat.
221 4127 288 4189 sing.
302 4127 349 4177 III.
364 4127 428 4176 dael.
442 4128 494 4176 iam
507 4127 620 4178 Homero
632 4129 726 4177 usitata
738 4128 771 4176 cf.
784 4128 921 4190 Kriiger,
935 4128 1099 4177 Hammone
1112 4127 1259 4176 Fomletre
1273 4131 1312 4187 12,
1329 4133 1351 4186 1,
1362 4128 1399 4190 4).

183 4209 319 4261 ⁶Scilieet
344 4212 388 4261 ille
413 4213 488 4272 deus,
517 4213 695 4277 Athenagoras
720 4213 815 4275 inquit,
845 4226 921 4275 quam
945 4227 1036 4276 supra,
1063 4226 1123 4260 oum
1146 4212 1178 4260 de
1202 4211 1257 4260 Oro
1281 4212 1400 4261 Herculis

117 4313 228 4361 agerem,
248 4299 331 4360 omisi,
351 4298 412 4361 quia
429 4308 483 4348 tum
499 4299 524 4347 id
541 4306 641 4348 tantum
656 4299 719 4347 mihi
736 4306 790 4348 erat
806 4298 1040 4357 demonstrandum,
1059 4311 1148 4346 omues
1165 4298 1227 4346 deos
1245 4311 1278 4346 ex
1292 4298 1401 4346 materia

116 4391 186 4432 ortos
205 4383 301 4432 haberi.
333 4382 409 4444 Quod
428 4399 486 4432 eum
499 4386 530 4434 de
543 4385 653 4434 Hercule
671 4373 754 4448 primo
771 4383 887 4432 omnium
899 4383 947 4431 deo
965 4382 1147 4446 probavissem,
1168 4391 1258 4446 sponte
1277 4397 1401 4447 apparere
