3038 4988
734 255 774 316 96

116 457 248 534 mirum,
272 456 299 518 si
316 477 357 539 ex
373 457 546 539 Aegypto,
568 455 625 518 ubi
642 456 764 518 multos
780 455 856 518 inde
872 456 913 518 ab
936 455 1171 538 antiquissimis
1191 456 1395 540 temporibus

115 575 296 638 Phoenices
321 573 423 637 fuisse
446 595 550 658 nuper
573 574 678 637 Ebers
704 575 804 656 longa
829 575 976 637 oratione
1001 574 1115 638 docuit
1121 577 1151 652 ,¹
1176 576 1336 640 nonnulla
1361 576 1396 639 in

115 693 335 757 Phoeniceum
363 693 568 775 theologiam
597 694 863 756 emanaverunt.²
909 693 993 757 Cum
1021 700 1132 756 autem
1161 694 1213 757 his
1242 694 1406 770 omnibus

115 819 286 897 appareat,
313 818 436 896 quanta
464 810 564 874 fuerit
591 811 677 874 inter
705 812 794 894 ipsos
819 811 1023 875 Phoeniceos
1053 814 1230 896 theologos
1259 813 1395 877 licentia

115 931 421 1015 cosmogonicorum
443 929 675 1014 principiorum
701 939 735 993 et
759 931 1022 994 adornandorum
1047 939 1081 994 et
1107 932 1392 1010 nominandorum,

115 1050 212 1114 aliter
226 1050 298 1112 fieri
312 1050 367 1113 vix
383 1050 507 1131 potuit,
531 1050 594 1113 nisi
609 1056 647 1113 ut
662 1050 855 1113 Hellanicus
875 1073 1003 1133 quoque
1011 1099 1020 1128 ,
1044 1050 1093 1114 vir
1109 1051 1294 1114 Stoicorum
1317 1053 1394 1114 doc-

115 1160 209 1231 trinis
225 1169 372 1232 imbutus
389 1176 423 1232 et
437 1175 535 1232 natus
552 1191 590 1232 ea
605 1175 726 1248 aetate,
739 1192 802 1251 qua
816 1170 882 1232 iam
898 1169 1042 1233 omnium
1057 1170 1254 1254 religionum
1271 1176 1305 1233 et
1318 1172 1394 1233 deo·

114 1310 185 1350 rum
202 1288 291 1350 facta
306 1295 395 1351 esset
413 1289 582 1352 contentio
605 1296 703 1371 atque
725 1288 889 1366 confusio,
911 1288 945 1354 in
967 1289 1177 1371 disponendis
1200 1311 1278 1375 suae
1299 1292 1394 1353 theo-

114 1495 273 1556 Duncker,
295 1495 313 1545 l.
334 1514 355 1546 c.
376 1498 396 1544 I
409 1514 439 1561 p.
462 1495 531 1558 174),
557 1497 601 1544 sed
624 1511 682 1545 cum
706 1495 862 1559 Memphitae
881 1495 1056 1558 Hephaestum
1080 1496 1165 1562 (Ptah)
1191 1499 1394 1560 ,‚sormatorem“

115 1581 297 1644 appellaverint
321 1587 346 1629 et
370 1581 396 1628 in
420 1582 591 1630 monumentis
616 1582 684 1629 idem
707 1583 769 1630 dens
794 1596 869 1629 ovum
893 1583 919 1629 in
943 1590 999 1631 rota
1020 1583 1120 1646 figulari
1145 1583 1256 1645 figurans
1279 1591 1396 1631 occurrat

115 1667 251 1728 ipsumque
270 1665 324 1727 ejus
342 1680 436 1714 nomen
454 1666 519 1714 Ptah
538 1667 565 1730 (a
583 1673 644 1743 11112Υ
663 1668 771 1730 aperire,
791 1667 824 1715 cf.
843 1667 980 1727 Movers,
999 1669 1107 1733 Eurycl.
1128 1669 1147 1717 l.
1168 1685 1189 1717 c.
1206 1687 1235 1732 p.
1252 1673 1300 1715 3⁹0
1313 1670 1347 1717 N.
1363 1673 1394 1716 85

114 1751 154 1798 vel
172 1751 203 1798 ab
223 1751 381 1813 Aegyptiace
400 1751 491 1813 putsch
511 1752 635 1814 sculpere,
655 1752 688 1800 cf.
708 1751 823 1800 Ebers.
843 1755 906 1816 Aep.
926 1755 949 1812 I,
969 1751 1031 1814 251)
1055 1753 1180 1812 ostendat,
1200 1767 1258 1800 eum
1276 1753 1395 1801 findendo

114 1850 164 1883 non
190 1836 298 1884 fovendo
323 1851 399 1883 ovum
423 1837 566 1899 aperuisse,
590 1837 753 1885 manifestum
776 1838 882 1896 videtur,
902 1838 1043 1900 Aegyptios
1066 1838 1092 1884 in
1117 1838 1285 1885 describenda
1307 1839 1395 1885 mnndi

115 1921 243 1968 creatione
265 1921 390 1984 imagines
412 1923 494 1984 magis
517 1923 548 1969 ab
572 1922 697 1970 artificum
721 1922 830 1985 opificiis
853 1937 929 1984 qnam
952 1923 984 1969 ab
1007 1923 1156 1970 animalium
1174 1923 1338 1984 generatione
1357 1936 1395 1969 re·

114 2006 244 2068 petivisse.

185 2088 244 2140 ¹13.
265 2109 287 2141 ο.
307 2093 331 2150 1,
353 2094 495 2141 rer-252.

182 2171 333 2224 lMochum
355 2177 393 2224 vel
419 2192 472 2237 eos,
498 2191 606 2239 quorum
628 2176 754 2226 enarravit
778 2176 971 2242 cosmogonias‚
994 2177 1118 2228 nonnulla
1140 2193 1171 2227 ex
1189 2177 1308 2241 Aegypto
1327 2192 1396 2226 rece·

114 2262 190 2325 pisse,
216 2259 327 2310 lortasse
352 2262 429 2310 etiam
456 2263 504 2311 hoc
532 2271 681 2326 argumento
706 2270 751 2323 cst,
781 2264 848 2326 quod
872 2264 1026 2312 Damascius
1052 2279 1096 2313 eos
1124 2264 1200 2312 etiam
1224 2265 1346 2311 Austrum
1371 2270 1396 2311 et

114 2346 231 2394 Africum
249 2360 295 2408 pro
315 2346 424 2408 simplici
442 2347 509 2395 Aere
528 2348 690 2396 substituisse
707 2349 791 2396 uadit.
828 2348 869 2397 Ab
887 2349 944 2412 ipso
963 2349 1030 2398 enim
1050 2347 1274 2398 Sanchuniathone
1293 2353 1333 2412 (p.
1349 2349 1394 2410 38)

114 2432 245 2495 Aegyptus
265 2426 349 2482 Νότου
368 2433 444 2502 χώρα
461 2440 566 2481 vocatur
585 2440 609 2480 et
631 2433 663 2481 ab
681 2432 812 2481 Herodoto
832 2433 884 2496 (II,
904 2439 945 2481 25.
968 2435 1009 2496 11)
1032 2435 1091 2482 illos
1109 2441 1198 2482 ventus
1218 2433 1252 2481 ibi
1271 2447 1327 2482 esse
1345 2441 1398 2483 τῶν

113 2517 215 2567 πάντων
239 2512 407 2572 ὑετιωτάτους
430 2518 488 2567 loco
512 2532 589 2580 snpra
612 2518 688 2566 allato
713 2519 826 2565 docetur.
862 2517 962 2566 Nomen
987 2527 1072 2567 autem
1089 2515 1225 2588 Xooooipdv
1244 2519 1275 2566 ab
1294 2519 1397 2581 Acgyp-

114 2602 182 2650 tiaco
200 2617 297 2672 pausos
316 2602 440 2666 (libers,
459 2604 477 2652 l.
498 2622 519 2653 c.
536 2621 566 2668 p.
581 2602 642 2665 251)
662 2604 825 2651 derivandum
845 2617 910 2662 esse,
929 2604 972 2650 vix
990 2604 1149 2652 crediderim.
1185 2605 1262 2666 Apud
1282 2603 1398 2652 Sanchu-

114 2686 261 2736 niathonem
280 2689 347 2745 idern
366 2690 428 2736 deus
446 2696 551 2738 vocatur
563 2686 671 2758 Xpoorbp
691 2689 733 2753 (p.
750 2691 789 2750 18)
810 2697 835 2737 et
853 2690 901 2737 dea
919 2691 1044 2751 quaedam
1056 2685 1223 2759 Χροὺσαρθις.
1251 2689 1396 2736 Evaldus

114 2772 191 2835 igitur
209 2774 240 2835 (l.
261 2792 282 2822 c.
298 2792 328 2837 p.
351 2775 380 2822 17
400 2775 434 2822 N.
458 2773 481 2836 1)
508 2776 647 2824 secundum
665 2774 797 2822 Damascii
819 2774 956 2822 lectionem
978 2774 1042 2822 haec
1060 2775 1165 2822 nomina
1183 2775 1333 2837 corrigenda
1350 2790 1397 2837 pu·

113 2859 175 2907 tavit
192 2859 220 2906 in
238 2855 345 2928 Χουσώρ
364 2867 389 2907 et
407 2856 559 2929 Xodoc‘pbrc.
598 2857 648 2908 Sed
667 2859 775 2907 fortasse
793 2859 879 2922 potius
898 2860 1030 2908 Damascii
1048 2856 1183 2928 Χουσωρός
1200 2860 1227 2906 in
1245 2855 1398 2928 Χρουσωρός

113 2944 271 2991 mutandum.
301 2945 332 2991 In
350 2944 415 2992 libro
435 2946 511 3004 enim,
532 2960 582 3008 qno
599 2945 746 2993 Peratarum
765 2951 834 2992 secta
847 2941 971 2993 Gnostica
989 2944 1113 3004 utebatur,
1137 2945 1200 2991 deae
1218 2944 1332 2991 marinae
1352 2958 1396 2991 no·

114 3043 173 3076 men
184 3025 286 3099 Χορζάρ
300 3031 448 3096 (Hippolyi.
461 3033 549 3095 Μαί.
560 3048 590 3095 p.
607 3030 717 3093 184,12)
731 3029 913 3089 inveniebatur,
929 3045 1005 3091 quam
1018 3030 1049 3077 ab
1062 3029 1106 3077 illa
1119 3027 1269 3076 Chrusarthi
1283 3024 1397 3097 (Xopidp

119 3135 143 3154 =
165 3111 285 3184 Χορζάρθ
304 3116 426 3164 ommissc
444 3112 461 3164 tl
479 3116 549 3164 finali
569 3115 724 3163 Graecorum
748 3113 852 3162 auribus
875 3115 950 3162 nimis
975 3115 1095 3177 barbaro)
1121 3129 1172 3169 non
1197 3115 1320 3162 diversam
1340 3128 1396 3161 esse

113 3209 249 3263 propterea
266 3201 394 3263 suspicor,
421 3202 488 3263 quod
510 3202 537 3248 in
560 3201 604 3249 illa
626 3200 768 3262 cujuspiam
791 3200 956 3262 syncretistae
980 3200 1107 3262 farragine
1130 3207 1230 3261 praeter
1247 3199 1328 3246 multu
1345 3199 1397 3246 alia

115 3286 219 3334 deorum
238 3286 400 3334 orientalium
418 3287 522 3335 nomina
541 3287 617 3334 etiam
637 3280 720 3355 Mloop
740 3285 781 3349 (p.
805 3289 860 3343 186,
881 3286 925 3347 39)
945 3291 1166 3344 commemoratur,
1186 3299 1261 3346 quem
1281 3283 1384 3332 Sanchu

114 3372 221 3419 niathon
240 3378 281 3436 (p.
301 3377 347 3418 22:
372 3367 461 3441 Μισώρ
484 3370 528 3421 acl
547 3367 651 3421 Zebda.
667 3364 795 3420 ...Ἀπὸ
815 3365 904 3440 Μισὼρ
924 3365 1049 3432 Τάαυτος)
1073 3369 1164 3418 'l'aauti
1187 3376 1285 3432 patrem
1303 3370 1394 3416 reddit.

114 3457 234 3505 Fortasse
252 3457 331 3520 igitur
348 3458 387 3504 dei
407 3472 500 3505 nomen
518 3459 619 3520 proprie
644 3454 731 3504 sonuit
748 3451 863 3526 Χορξώρ,
888 3457 955 3518 quod
975 3454 1067 3504 Graeci
1085 3455 1160 3503 facile
1178 3455 1311 3502 leniendae
1329 3455 1395 3502 litte·

115 3557 200 3589 rarum
219 3542 399 3605 appellationis
424 3556 502 3590 causa
525 3550 623 3589 mutare
645 3547 782 3603 potuerunt
804 3541 830 3588 in
848 3535 979 3610 Χρουσώρ,
999 3537 1116 3610 Χρυσώρ,
1135 3536 1252 3609 Χουσώρ.
1288 3536 1395 3608 Χορζώρ

115 3635 199 3676 autem
217 3636 302 3690 potest
325 3642 380 3676 esse
399 3625 436 3677 nit
455 3621 493 3677 nh
512 3626 536 3674 h.
559 3641 581 3674 e.
607 3627 725 3673 dominus
743 3627 783 3673 vel
801 3632 923 3688 patronus
941 3626 1001 3688 Tyri
1027 3626 1071 3690 (cf.
1094 3627 1182 3688 lRep.
1197 3630 1237 3686 21,
1253 3629 1277 3671 8.
1293 3629 1332 3681 11,
1352 3624 1395 3671 ubi

114 3713 198 3762 Isebcl
217 3712 294 3775 Tyria
312 3713 446 3776 epistolam
469 3711 585 3759 inscribit
609 3713 656 3762 ‘nr
681 3703 841 3787 wilfi-'582
866 3700 1041 3787 niiptfl·bt‡).
1081 3709 1301 3768 Quemadmodum
1320 3709 1397 3770 igitur

115 3799 238 3848 Hercules
262 3799 354 3861 Tyrius
378 3797 517 3845 vocabatur
539 3791 705 3865 Μελίκαρθος
726 3796 751 3843 h.
773 3811 795 3844 e.
820 3811 866 3844 rex
888 3797 970 3855 urbis,
995 3797 1029 3844 ita
1054 3796 1131 3844 etiam
1153 3794 1284 3842 Vulcanus
1308 3793 1394 3853 (Ptah,

113 3879 255 3952 Ἀνοιγεύς)
278 3883 340 3931 mihi
364 3884 463 3931 videtur
486 3883 569 3930 dictus
593 3896 649 3930 csse
671 3878 779 3950 Χρυσώρ
802 3881 826 3929 h.
854 3897 877 3930 e.
901 3883 1018 3929 dominus
1041 3881 1112 3946 Tyri.
1148 3880 1223 3928 Hunc
1246 3881 1321 3928 deum
1344 3894 1396 3926 non

115 3971 198 4018 minus
217 3984 292 4032 quam
311 3968 381 4016 illam
394 3965 494 4037 Χορζάρ
513 3967 617 4029 aliquod
635 3967 762 4014 marinum
780 3968 860 4019 ruisse
879 3981 981 4026 numen,
1002 3973 1026 4013 et
1040 3965 1249 4014 Sanchuninthon
1269 3963 1396 4026 significat

117 4054 272 4117 Chrysorum
299 4061 324 4102 et
350 4054 462 4116 piscatus
491 4062 515 4102 ct
542 4055 712 4117 navigationis
739 4055 896 4105 inventorem
923 4055 1010 4101 dicens
1038 4061 1063 4100 et
1089 4052 1233 4100 Herodotus
1264 4051 1397 4100 confirmat

117 4142 239 4206 (111,av,
254 4141 281 4203 6)
301 4139 442 4189 Phoenices
460 4139 487 4189 iu
505 4139 606 4190 navium
624 4140 706 4203 proris
724 4155 858 4207 parasema
875 4139 995 4187 habuisse
1014 4153 1119 4186 narrans
1137 4137 1299 4187 Pata'icorum
1319 4136 1355 4198 (h.
1371 4151 1394 4184 c.

116 4228 238 4276 comitum
256 4225 296 4273 dei
316 4225 392 4285 Ptah)
416 4224 526 4286 speciem
548 4225 775 4287 repraesentantia.
798 4253 827 4259 —
849 4222 969 4272 Ceterum
991 4238 1050 4272 cum
1071 4221 1158 4274 Moohi
1177 4221 1293 4270 Vulcano
1313 4219 1396 4269 Ovum

116 4313 201 4360 Ulomi
224 4310 347 4374 aperienti
375 4312 482 4358 fortasse
510 4311 586 4358 etiam
608 4310 712 4358 Pindari
735 4304 875 4379 Ἁφαίστου
900 4308 1002 4379 τέχναι,
1030 4308 1103 4358 iovis
1129 4306 1292 4370 parturientis
1319 4315 1396 4369 caput

117 4397 237 4447 findentis
256 4397 312 4463 (Ol.
338 4397 400 4455 VII,
419 4401 449 4444 65
464 4397 525 4462 sp),
545 4396 714 4445 conferendae
733 4401 799 4442 sunt.
