3038 4988
726 192 856 288 os'

105 427 263 512 suspicio,
287 428 390 492 Getas
407 427 588 492 Thracibus
605 451 624 491 a
639 427 920 511 septentrionibus
937 427 1094 491 finitimos
1110 431 1197 491 hunc
1214 429 1316 492 fuisse
1331 451 1390 511 po·

104 549 219 632 pulum
241 547 484 611 Germanicum.
532 546 665 610 Etenim
691 569 746 610 eos
772 546 991 610 aThraoibus
1018 546 1163 610 diversos
1188 547 1289 610 fuisse
1315 570 1390 611 oum

104 651 294 731 Herodotus
311 666 487 751 significat,
511 673 583 729 tum
599 667 630 728 J.
649 665 795 729 Grimm
811 666 884 729 aliis
901 688 1030 749 quoque
1047 666 1086 729 de
1104 666 1210 729 causis
1227 666 1390 750 sagaciter

104 786 292 870 suspicatus
321 789 406 849 est.¹
452 787 547 849 Idem
577 785 626 849 vir
654 784 937 868 ingeniosissimus
969 806 1024 848 eos
1050 786 1232 848 Germanos
1263 785 1388 853 dunit.²

105 905 193 968 Quid
215 905 334 988 igitur,
358 905 386 967 si
402 905 508 968 Getae
531 913 607 988 post
622 880 814 988 Lycurgum
830 905 973 968 Thraces
993 904 1082 968 bello
1104 904 1212 968 adorti
1228 928 1391 968 summum

104 1047 199 1087 suum
216 1025 314 1088 deum
326 1023 497 1087 Zalmoxin
513 1024 535 1086 i.
549 1046 577 1088 e.
595 1024 779 1087 Wodsnem
795 1023 817 1087 i.
831 1046 858 1087 e.
877 1023 1096 1086 Mercurium³
1114 1046 1226 1087 secum
1240 1024 1274 1087 in
1289 1024 1390 1087 'Phra-

105 1143 187 1207 ciam
206 1143 325 1206 victam
347 1151 381 1206 et
397 1149 618 1227 expugnatam
634 1144 898 1206 transtulerunt?
920 1181 961 1190 —
984 1143 1077 1206 Ouae
1094 1143 1121 1205 si
1138 1143 1246 1206 omnia
1262 1165 1390 1206 mecum

103 1270 233 1346 reputo,
250 1263 393 1326 Thraces
405 1262 530 1344 Orphei
545 1261 749 1345 temporibus
766 1261 847 1324 mihi
856 1262 1011 1339 Martem,
1029 1261 1181 1340 Dianam,
1199 1261 1391 1344 Apollinem

103 1381 158 1444 vel
174 1383 296 1459 Solem,
319 1382 433 1444 Musas
450 1381 590 1464 denique
607 1380 760 1444 videntur
776 1380 928 1443 coluisse.
974 1381 1119 1443 Martem
1134 1387 1246 1444 autem
1262 1387 1296 1443 et
1311 1381 1391 1443 Dia·

104 1523 181 1564 nam
204 1522 281 1584 prae
309 1500 426 1564 ceteris
449 1500 511 1564 diis
536 1500 569 1564 in
590 1499 782 1582 Theogonis
803 1499 949 1584 Orphica
975 1500 1159 1563 celebratos
1185 1521 1270 1578 esse,
1297 1500 1389 1562 nullo

105 1619 193 1702 quod
209 1619 308 1682 sciam
325 1620 446 1683 indicio
464 1619 675 1682 manifestum
692 1626 754 1682 est.
801 1619 915 1682 Musas
932 1619 1049 1682 deinde
1065 1626 1164 1702 poeta
1179 1641 1245 1682 non
1261 1618 1391 1702 saepius

104 1739 219 1823 opinor
235 1739 523 1816 commemoravit,
547 1761 643 1820 quam
662 1761 735 1801 cum
755 1760 809 1801 eas
832 1738 873 1800 ad
889 1738 1123 1821 auspicandum
1141 1739 1194 1801 vel
1210 1738 1391 1802 finiendum

105 1865 239 1921 cantum
255 1856 439 1921 incitavit.⁴
484 1859 604 1920 Restat
624 1857 727 1939 igitur
744 1857 882 1940 Apollo,
906 1857 946 1919 de
964 1880 1027 1939 quo
1044 1857 1125 1919 mihi
1140 1880 1227 1920 nunc
1243 1879 1391 1920 seorsum

104 1977 280 2039 dicendum
297 1983 357 2053 est,
377 1999 451 2040 cum
466 1975 698 2058 „Apollineo“
720 1976 862 2058 quodem
884 1982 1001 2038 ornatu
1024 1982 1058 2038 et
1078 1975 1202 2039 lumine
1221 1977 1390 2058 Orpheum

104 2095 233 2178 fulgere
248 2096 324 2158 inde
341 2119 360 2158 a
375 2095 576 2158 Klsusenio⁶
602 2094 721 2158 iterum
738 2094 922 2177 iterumque
939 2094 1131 2158 dictitatum
1146 2095 1200 2158 sit.
1234 2094 1389 2159 Omnium

103 2214 144 2278 de
162 2217 224 2278 hac
238 2236 273 2277 re
289 2214 553 2278 testimoniorum
563 2213 864 2277 luculentissimum
874 2214 1105 2277 Eratosthenis
1121 2215 1214 2277 locus
1231 2221 1282 2278 est
1292 2214 1391 2277 modo

103 2333 268 2411 laudatuS,
287 2356 327 2396 ex
343 2357 407 2416 quo
424 2333 592 2411 discimus,
611 2333 781 2416 Orpheum
796 2332 831 2395 in
847 2335 1000 2416 Pangaeo
1018 2332 1130 2396 Solem
1144 2334 1205 2396 sub
1223 2333 1389 2416 Apollinis

103 2452 255 2515 nomine⁰
281 2453 447 2516 adorasse.
501 2453 576 2516 Ouo
602 2452 635 2514 in
661 2451 781 2514 nuncio
806 2451 954 2534 quamvis
980 2452 1076 2515 facile
1102 2453 1266 2516 offendere
1291 2474 1390 2535 queas

103 2674 186 2746 ὁρμῆς
205 2675 250 2739 (cf.
271 2674 302 2723 G.
323 2674 471 2736 Curtius,
501 2678 651 2739 Grmdetye
669 2677 716 2724 der
738 2677 839 2726 Griect
860 2678 1021 2741 Etymoloyie
1039 2677 1064 2742 (l
1085 2680 1166 2742 Assy.
1186 2678 1291 2743 Leipeiy
1312 2677 1389 2741 1858)

102 2760 218 2824 Ι,313),
243 2761 269 2808 id
293 2761 361 2823 quod
387 2776 444 2808 cum
467 2761 592 2809 Wodanis
617 2767 708 2809 natura
734 2761 878 2824 procellosa
907 2759 1052 2824 (Grimm,
1076 2763 1094 2812 l.
1115 2780 1137 2811 e,
1153 2780 1183 2827 p.
1203 2763 1265 2826 871)
1293 2763 1390 2826 optimc

103 2846 230 2894 convenit.
265 2845 402 2893 Praeterea
420 2846 495 2893 etiam
515 2844 701 2894 Germanorum
719 2860 803 2908 reges,
826 2861 876 2894 non
895 2847 979 2895 minus
998 2861 1074 2908 quam
1093 2848 1198 2897 Thracii
1217 2864 1232 2896 a
1249 2848 1390 2908 Mercurio,

102 2932 229 2994 originem
247 2930 368 2994 petebant
386 2945 401 2978 a
418 2930 535 2978 Wodsne
554 2929 698 2993 (Grimm,
720 2933 738 2980 l.
759 2949 781 2981 e.
797 2949 827 2995 p.
850 2930 919 2994 149).

173 3013 183 3043 ¹
200 3016 227 3065 J.
248 3015 382 3078 Grimm,
406 3018 553 3065 Geechs'ohte
571 3018 617 3066 der
635 3019 768 3067 deutschen
787 3018 901 3082 Spruehe
921 3017 957 3082 (3.
971 3019 1043 3084 Anfl.
1062 3018 1167 3083 Leipzig]
1187 3018 1273 3081 1868),
1294 3020 1389 3077 13129.

171 3097 241 3151 2Id.
258 3120 287 3167 p.
310 3106 356 3150 125
369 3119 406 3166 sq.

172 3182 330 3236 ³Zalmoxis
349 3202 400 3234 non
419 3187 509 3234 iisdem
528 3185 559 3233 de
578 3187 662 3234 causis
682 3186 774 3248 quibus
789 3181 890 3255 Ἑρμῆς
907 3187 1018 3234 Wodani
1037 3187 1128 3236 similis
1146 3189 1253 3237 videtur.
1286 3188 1389 3237 Etenim

102 3271 234 3319 Zalmoxis
252 3279 387 3335 propterea
405 3286 463 3320 eum
482 3271 531 3319 hoe
547 3256 738 3334 componendus
758 3277 805 3330 cst,
825 3271 893 3332 quod
912 3271 1013 3320 animae
1031 3273 1187 3322 immortales
1205 3280 1264 3336 post
1280 3282 1389 3323 mortem

103 3356 134 3404 ad
153 3363 288 3418 utrumque
307 3357 393 3404 venire
415 3356 577 3419 putabantur.
613 3355 752 3403 Nominum
776 3355 908 3404 Zalmoxis
928 3364 953 3404 et
972 3355 1115 3406 Gebeleizis
1135 3357 1315 3407 Germanicam
1337 3367 1390 3424 ety-

102 3441 241 3504 mologiam
266 3455 354 3489 eruere
377 3442 462 3489 studet
486 3439 616 3500 Grimm‚
645 3443 735 3489 Osset.
755 3442 782 3501 de
801 3442 827 3490 d.
849 3442 910 3505 Spr.
936 3443 960 3499 I,
982 3447 1038 3489 131.
1074 3442 1165 3504 Itaque
1189 3443 1320 3492 Zalmoxis
1340 3442 1390 3493 Ge-

102 3533 186 3575 tarum
210 3534 235 3574 et
251 3526 394 3575 Mercurius
417 3541 506 3589 regum
529 3525 699 3573 Thraciorum
722 3539 775 3573 non
797 3531 933 3588 propterea
956 3525 1130 3574 confundendi
1155 3536 1222 3591 sunt,
1248 3530 1316 3591 quod
1338 3530 1390 3593 ipsi

102 3625 206 3674 prorsus
224 3625 277 3659 nou
295 3611 422 3672 differant,
443 3611 487 3659 scd
507 3610 568 3672 qnia
585 3610 660 3658 ambo
679 3610 753 3658 tertio
773 3609 821 3658 deo
840 3610 959 3658 videlicet
977 3610 1087 3659 Wodsnl
1106 3612 1204 3662 similes
1223 3621 1290 3662 sunt.

171 3691 182 3722 ‘¹
201 3693 252 3757 Cf„
273 3710 339 3757 quae
357 3710 434 3758 supra
451 3696 499 3743 hac
518 3696 550 3743 de
569 3709 596 3743 re
615 3695 678 3742 dixi.

172 3783 358 3851 ⁶Allyemeioe
374 3788 580 3852 Eneyelopaeds'e
597 3803 645 3835 oon
668 3785 770 3834 Ersch
789 3787 840 3833 und
860 3784 987 3835 Gruber
1004 3782 1105 3848 (1835),
1124 3785 1180 3843 ΙΙΙ,
1200 3789 1224 3845 6,
1244 3790 1258 3833 9
1277 3802 1315 3850 sq.
1347 3783 1388 3835 cf.

104 3870 261 3933 Gerhsrd,
281 3874 299 3923 l.
321 3891 342 3922 e.
359 3891 389 3938 p.
408 3878 440 3920 49
460 3874 494 3921 N.
515 3876 557 3920 28.

172 3954 349 4020 ⁶Apollinem
367 3958 512 4020 significare
530 3958 606 4006 deum
630 3957 691 4005 solis
710 3964 735 4004 et
753 3956 827 4016 lucis,
852 3957 929 4005 etism
952 3957 1012 4005 novi
1034 3955 1174 4018 mythologi
1192 3970 1279 4003 rursus
1297 3969 1389 4004 conce·

103 4043 167 4091 dunt
194 4044 238 4108 (cf.
258 4044 397 4104 Preller,
426 4046 474 4093 Gr.
494 4044 577 4109 Myris.
602 4043 625 4100 I,
646 4041 716 4105 182).
752 4041 920 4105 Apollonium
947 4051 1033 4091 autem
1061 4041 1107 4107 (cf.
1128 4039 1286 4099 Gerhsrd,
1312 4041 1331 4089 l.
1351 4040 1388 4104 o.)

104 4126 236 4191 Orpheum
253 4136 376 4190 tanquam
393 4128 521 4191 Apollinis
541 4128 664 4176 cultorem
690 4127 864 4190 descripsisse,
890 4142 923 4175 ex
946 4127 1010 4176 loeis
1029 4127 1069 4186 11,
1089 4129 1147 4184 685,
1168 4129 1231 4185 9283
1251 4125 1302 4184 IV,
1324 4128 1386 4175 1547

103 4228 156 4262 non
175 4215 236 4263 satis
254 4213 316 4261 mihi
334 4214 432 4262 videtur
450 4227 581 4276 apparere.
619 4210 670 4260 Sed
689 4211 783 4260 sufficit
800 4211 1058 4261 Pseudoerstothenis
1076 4211 1157 4259 locus.
1191 4209 1294 4257 Etenim
1312 4210 1389 4258 verba

104 4294 165 4349 tter
182 4297 195 4349 ὁ
214 4293 330 4353 Διόνυσος
349 4294 472 4368 ὀργισθεὶς
490 4297 560 4367 ἀυτῴ
580 4295 680 4367 ἔπεμψε
698 4294 744 4352 τὰς
762 4292 933 4367 Βασσαρίδας,
954 4297 989 4353 ὥς
1007 4312 1081 4367 φησιν
1099 4290 1230 4365 Αἰσχύλος
1247 4293 1260 4345 ὁ
1279 4293 1387 4363 ποιητής

104 4397 182 4445 supra
205 4383 339 4446 exscriptis
363 4383 498 4431 subiuncta
521 4383 583 4431 satis
602 4383 747 4442 ostendunt,
772 4383 825 4430 iam
842 4382 998 4445 Aeschylum
1022 4381 1058 4429 its
1075 4380 1194 4430 sensisse.
1217 4407 1246 4416 -
1267 4377 1388 4428 Ceterum
