3038 4988
759 240 800 302 92

696 326 866 338 m

142 442 210 525 prie
226 464 291 505 non
310 442 451 504 multum
466 441 552 503 inter
568 463 602 505 se
619 442 847 525 discrepuisse.
872 442 966 504 Hanc
981 441 1083 523 igitur
1097 439 1196 502 etiam
1210 439 1425 503 Hellanicum

142 568 292 624 secutum
315 582 402 637 esse,
425 567 497 622 tum
519 582 560 623 ex
581 560 680 623 simili
701 562 773 644 ejus
793 560 1027 644 principiorum
1047 558 1262 643 dispositione
1285 565 1358 621 tum
1382 580 1424 621 ex

142 679 375 743 nonnullorum
390 678 558 741 nominum
573 678 678 741 forma
692 679 878 743 Phoenices
892 678 1115 761 colligendum
1131 684 1193 740 est.
1219 677 1424 740 Sanchunia·

140 801 222 862 thon
241 797 327 861 enim
343 799 383 860 ab
400 797 493 860 initio
509 797 604 879 ponit
621 797 778 880 Spiritum
795 805 829 861 et
845 799 964 861 Chaos.
1000 796 1141 881 Spiritus
1157 796 1309 859 incensus
1326 795 1423 858 Desi-

141 917 230 981 derio
252 939 292 979 ex
311 917 402 978 Chao
422 915 533 999 gignit
553 923 636 999 Μόντ,
658 938 740 998 quae
761 940 836 979 mcx
857 916 891 978 in
911 916 976 978 Ovi
996 916 1136 998 figuram
1157 914 1325 978 coalescit.
1357 915 1423 978 Pro

142 1035 265 1119 Spiritu
287 1041 321 1098 et
338 1035 428 1097 Chao
445 1036 587 1097 Mochus
607 1034 665 1097 dat
681 1036 828 1098 Aethera
850 1043 884 1098 et
902 1039 1002 1112 Aera,
1026 1034 1193 1097 Eudemus
1213 1033 1424 1096 Desiderium

140 1155 226 1237 apud
243 1153 567 1217 Sanchuniathonem
585 1175 658 1215 cum
676 1153 800 1235 Spiritu
816 1156 1029 1237 conjunctum
1049 1160 1084 1216 et
1099 1153 1282 1231 Nebulam,
1304 1152 1421 1215 Hella-

140 1274 232 1335 nicus
244 1279 354 1335 autem
364 1272 515 1335 similiter
524 1280 627 1359 Αἰθέρα
642 1282 732 1359 νοερὸν
747 1273 892 1359 (receptui)
903 1282 947 1340 καὶ
962 1280 1038 1347 Χοίος
1053 1279 1168 1358 ἄπειρον.
1193 1271 1298 1335 Sicuti
1309 1279 1422 1335 antem

140 1394 280 1454 Mochus
292 1391 391 1456 etiam
401 1391 498 1454 aliam
509 1391 703 1454 relationem
712 1391 904 1467 tradiderat,
920 1413 960 1453 ex
971 1413 1034 1472 qua
1043 1397 1120 1473 post
1131 1393 1277 1454 Aethera
1288 1398 1323 1454 et
1335 1395 1423 1455 Aera

139 1510 493 1579 inserebaturVentus
517 1517 552 1572 et
573 1518 628 1598 Λόψ
649 1542 680 1577 τε
703 1519 747 1577 καὶ
768 1511 886 1587 Νότος,1
912 1516 946 1572 et
968 1509 1055 1572 sicut
1077 1510 1245 1572 Eudemus
1268 1509 1423 1573 similiter

139 1636 217 1712 post
234 1629 339 1712 prima
360 1652 417 1691 sua
437 1628 596 1711 principia
616 1628 869 1692 intercalaverat
885 1631 1009 1691 Auram
1030 1635 1064 1690 et
1083 1629 1184 1707 Aera,
1208 1628 1255 1691 ita
1272 1628 1422 1692 Hellani-

140 1769 197 1809 cus
214 1769 343 1830 qnoque
360 1769 426 1809 non
442 1746 572 1830 quidem
589 1754 682 1830 post
698 1750 845 1811 Aethera
861 1754 895 1811 et
912 1747 1035 1825 Chaos,
1058 1747 1115 1810 sed
1136 1754 1229 1810 ante
1250 1769 1289 1810 ea
1309 1747 1423 1831 posuit

142 1868 273 1949 Aquam
296 1874 330 1929 et
345 1866 476 1928 Limum
500 1889 535 1928 ea
556 1866 670 1950 opinor
691 1867 816 1931 ratione
839 1867 1017 1944 adductus,
1041 1866 1117 1949 quia
1138 1867 1316 1929 secundum
1334 1867 1423 1930 Stoi-

141 2009 253 2049 corum
269 1991 444 2069 praecepta
460 1992 514 2048 aer
530 1991 564 2048 et
580 1987 694 2048 aether
711 2007 751 2049 ex
767 2008 851 2068 aqua
867 1993 900 2047 et
916 1985 994 2047 limo
1011 1987 1064 2048 vel
1079 1993 1166 2049 terra
1181 1986 1245 2049 orti
1258 1988 1422 2070 putaban-

139 2112 204 2166 tur.
236 2105 351 2186 Ignem
370 2104 454 2167 enim
473 2111 506 2166 et
523 2112 611 2183 aera,
635 2119 715 2187 quo's
733 2105 833 2168 etiam
849 2127 965 2187 aquam
985 2105 1219 2169 antecedentes
1242 2106 1420 2184 finxerunt,

138 2230 311 2306 propterea
328 2224 564 2287 ommittendos
580 2224 681 2286 fuisse
698 2223 852 2301 arbitror,
876 2225 963 2306 quod
979 2223 1013 2286 in
1029 2224 1171 2288 carmine
1188 2225 1420 2308 cosmogonico

138 2366 203 2405 non
219 2343 306 2405 sicut
320 2342 353 2405 in
369 2343 606 2426 philosophicis
624 2342 957 2406 commentationibus
973 2343 1085 2426 ignem
1101 2346 1275 2407 aetherave
1292 2351 1328 2407 et
1343 2352 1419 2407 aera

136 2461 187 2524 bis
203 2468 377 2525 nascentes
393 2463 569 2544 producere
587 2462 727 2525 licuerit.
760 2463 876 2544 Neque
893 2462 1061 2544 displicet,
1082 2464 1123 2526 ad
1140 2464 1287 2546 ejusdem
1306 2470 1418 2528 sectae

137 2580 302 2642 doctrinas
318 2603 486 2659 revocare,
510 2581 596 2663 quod
614 2581 806 2644 Hellanicus
823 2582 1000 2644 Herculem
1017 2582 1070 2644 vel
1087 2581 1254 2645 Chronum
1271 2606 1312 2646 ex
1334 2607 1420 2666 aqua

137 2707 172 2761 et
187 2698 264 2761 limo
282 2707 489 2782 procreatum
506 2700 600 2762 dixit.
634 2701 838 2784 Chrysippus
855 2700 957 2778 enim,
981 2702 1074 2784 cujus
1089 2700 1146 2764 ille
1164 2702 1305 2786 vestigia
1321 2704 1417 2786 legit,

138 2820 315 2881 Saturnum
329 2819 458 2903 proprie
474 2819 689 2883 secretionem
705 2842 775 2882 esse
791 2842 831 2883 ex
846 2819 980 2882 humida
994 2819 1107 2882 muudi
1121 2821 1258 2884 materia
1272 2822 1419 2886 docuit²

137 2937 220 3000 Cum
242 2937 344 3021 igitur
366 2939 453 3001 hand
475 2961 546 3001 raro
568 2947 670 3025 Κρόνος
694 2945 728 3001 ee
749 2948 851 3025 Χρόνος
875 2939 1171 3017 confunderentur,
1195 2940 1292 3003 facile
1317 2941 1419 3005 etiam

137 3056 329 3119 Hellanicus
353 3058 472 3120 adduci
496 3057 622 3141 potuit,
648 3064 686 3120 ut
709 3066 811 3145 Χρόνον
835 3080 875 3120 ex
899 3081 957 3120 suo
983 3080 1079 3141 quem
1105 3060 1190 3142 apud
1213 3061 1418 3124 Phoeniceos

136 3177 313 3258 theologos
330 3176 440 3238 tenuit
455 3177 527 3238 loco
546 3176 724 3239 excitatum
742 3177 867 3261 prolem
883 3178 1036 3240 redderet
1055 3201 1156 3261 aquae
1178 3186 1212 3241 et
1231 3178 1312 3243 limi.
1345 3180 1417 3242 Ali-

136 3294 214 3377 quid
231 3295 318 3358 enim
337 3295 470 3359 molesti
490 3297 607 3373 habet,
631 3296 719 3378 quod
738 3295 772 3358 in
788 3296 952 3358 Hellanici
968 3297 1159 3379 Theogonia
1177 3296 1327 3361 Chronus
1350 3322 1418 3363 non

204 3534 213 3565 ¹
232 3540 330 3589 Herod.
350 3542 391 3598 II,
410 3546 451 3601 25,
474 3545 511 3587 ll:
533 3533 568 3590 Ὅ
588 3557 615 3589 τε
633 3538 704 3595 νότος
721 3538 765 3590 καὶ
784 3538 797 3589 ό
816 3537 876 3610 λίψ,
903 3540 1003 3607 ἀνέμων
1021 3540 1115 3591 πολλὸν
1136 3549 1187 3592 τῶν
1205 3540 1306 3592 πάντων
1325 3539 1413 3592 ὑετιώ-

134 3640 213 3674 τατοι.
251 3624 347 3672 Aether
366 3627 442 3687 igitur
460 3634 485 3674 et
503 3626 556 3673 Adr
574 3625 748 3674 subtilioribus
773 3626 923 3688 quibusdam
941 3627 1068 3689 theologis
1087 3628 1163 3675 nimis
1186 3627 1277 3675 inertia
1294 3628 1415 3676 videban-

133 3715 174 3758 tur
191 3709 319 3772 principia
338 3726 394 3759 esse
430 3711 496 3759 Hinc
515 3719 584 3760 motu
609 3712 722 3760 adhibito
743 3712 854 3761 Aethera
872 3713 975 3760 omnino
1001 3713 1028 3760 in
1047 3713 1157 3762 Ventum
1184 3714 1317 3776 (Darasa.
1338 3715 1357 3763 l.
1378 3733 1416 3765 ο..·

134 3789 226 3860 ἄνεμος
244 3792 256 3843 ὁ
276 3791 327 3852 εἷς,
353 3810 429 3856 quem
448 3811 561 3844 seorsum
587 3797 618 3843 ab
636 3777 727 3845 Africo
752 3806 777 3845 et
796 3799 987 3847 Austraunum
1006 3798 1084 3846 fuisse
1102 3799 1257 3861 principium
1275 3798 1352 3847 verba
1370 3802 1415 3848 de-

133 3887 276 3927 monstrant
293 3879 321 3929 τὸ
341 3879 387 3947 μὲν
407 3877 567 3950 deposceris
592 3877 684 3948 ἄνεμος
702 3880 715 3931 ό
734 3879 784 3941 εἷς,
808 3881 836 3932 τὸ
856 3881 884 3932 δὲ
903 3882 978 3949 μέσον
1003 3882 1071 3946 [scil.
1091 3883 1190 3945 triadis]
1216 3883 1239 3933 ol
1258 3882 1302 3934 δύο
1328 3881 1417 3953 ἄνεμοι

134 3958 187 4032 Λίψ
211 3981 239 4014 τε
263 3963 307 4014 καὶ
326 3960 416 4020 Νότος.
453 3965 510 4013 Νοο
535 3967 612 4027 igitur
629 3959 754 4033 Ἂνεμος,
780 3962 845 4036 Abla,
866 3963 948 4024 Νότος
970 3983 1017 4030 pro
1040 3984 1092 4017 uno
1111 3969 1222 4018 Aethere
1247 3969 1416 4019 substituendi

134 4062 201 4108 sunt,
221 4050 296 4097 sicuti
315 4050 377 4098 fecit
393 4050 512 4109 Ewald,
532 4052 550 4099 l.
565 4069 587 4100 0.
600 4069 626 4114 p.
643 4052 696 4114 35),
716 4052 785 4100 Aera
803 4060 888 4102 autem
907 4055 1018 4116 spissum
1037 4062 1062 4103 et
1079 4055 1211 4103 humidum
1229 4055 1255 4102 in
1275 4056 1338 4104 duos
1357 4057 1415 4105 illos

133 4143 222 4184 ventus
240 4135 383 4184 imbriferos
401 4142 568 4184 mutaverunt.

201 4217 315 4270 2νδόόοό.
335 4224 378 4271 od.
399 4223 461 4270 Her.
483 4225 517 4271 a.
539 4227 586 4269 459
608 4223 659 4285 (cd.
682 4226 767 4290 Guirff.
783 4243 812 4289 p.
833 4226 909 4287 428):
931 4220 1075 4295 Καθόγρων
1095 4222 1174 4276 όντων
1191 4234 1243 4277 τῶν
1261 4224 1329 4277 ὅλων
1346 4221 1415 4298 Κρό-

133 4323 174 4355 νον
198 4303 354 4372 ὼνομάοθοι.
392 4306 432 4355 Cf.
459 4309 593 4373 Hippolyt.
618 4311 705 4374 Refat.
727 4329 756 4374 p.
785 4316 844 4372 190,
874 4317 934 4371 184,
963 4312 1006 4359 ubi
1032 4319 1160 4372 narratur,
1186 4313 1291 4360 l'eratss
1316 4306 1416 4381 Κρόνον

131 4406 225 4456 aquam
242 4392 406 4442 intellexisse.
429 4421 457 4428 -
477 4393 518 4444 De
537 4393 641 4443 Chrono
659 4402 684 4444 et
702 4393 789 4444 Crono
807 4395 840 4444 cf.
861 4395 1001 4446 Gerhard
1022 4399 1101 4462 Orph.
1121 4398 1156 4446 N.
1176 4402 1218 4446 89.
