3038 4988
737 186 776 246 15

109 394 322 476 depromptae
339 387 416 450 sint.
455 387 546 449 Haeo
562 386 665 470 igitur
680 387 790 470 aliqua
804 397 1015 480 θαυμασιώτερα
1030 393 1162 471 oportet
1179 386 1389 466 continuerit,

110 534 207 595 quam
223 530 305 592 quae
328 508 368 571 ab
386 505 537 570 omnibus
558 505 592 569 in
608 506 752 570 Homero
774 507 828 570 vel
844 506 989 570 Hesiodo
1011 507 1211 589 legerentur,
1235 507 1293 570 sed
1309 528 1392 590 quae

108 632 167 694 illa
190 628 324 704 fuerint,
350 648 475 703 vereor,
499 632 537 688 ut
561 625 742 688 etiamnum
766 627 957 709 conjectura
981 627 1222 708 assequendum
1246 625 1300 688 sit.
1341 626 1392 688 De

110 751 253 825 Chrono,
272 747 312 809 de
323 747 395 808 Ovo
406 745 583 822 mundano,
605 765 645 807 ex
656 767 718 826 quo
730 746 859 807 Phanes
869 744 1026 822 nascitur,
1045 745 1085 808 de
1097 745 1165 808 eius
1182 744 1392 828 desorptione

109 891 166 951 per
177 865 443 929 Jovemfactanc
459 863 682 927 Lobeckius
700 863 832 945 quidem
849 862 987 946 cogitat.
1011 864 1144 927 Saturni
1159 863 1394 947 praeterOoeli

110 985 350 1050 exsectioneml
375 991 409 1046 et
425 982 565 1067 Dionysi
579 982 698 1065 Zagrei
714 982 848 1045 eaedem
864 983 1014 1046 denotari
1029 1005 1095 1045 non
1110 981 1311 1066 refragabor,
1336 983 1394 1045 sed

109 1128 161 1170 res
177 1105 303 1168 incerta
319 1109 381 1166 est.
419 1102 573 1165 Fortasse
589 1108 686 1164 vetus
704 1108 813 1184 poeta,
837 1108 955 1184 utpote
978 1101 1033 1184 qui
1048 1102 1184 1165 Homeri
1207 1109 1241 1165 et
1256 1101 1395 1165 Hesiodi
1455 1111 1462 1118 ”

109 1225 257 1287 imitator
273 1221 477 1285 imitatorum
492 1220 611 1284 vitium
626 1243 692 1283 non
708 1220 889 1302 effugisset,
907 1220 1040 1283 illorum
1051 1222 1210 1303 quasdam
1225 1221 1393 1284 modestas

109 1350 144 1406 et
161 1343 316 1406 decentes
331 1339 595 1404 narratiunculus
611 1339 717 1402 veluti
734 1340 773 1401 de
790 1339 929 1402 Junonis
946 1346 980 1403 et
996 1340 1087 1402 Jovis
1105 1339 1331 1417 commercio,²
1354 1340 1394 1402 de

65 1477 68 1484 '
109 1460 246 1525 Metidis
273 1459 435 1543 cataposi,
464 1459 504 1522 de
530 1459 666 1521 deorum
691 1458 942 1542 Olympicorum
967 1465 1001 1521 et
1026 1459 1295 1522 Centimanorum
1321 1481 1395 1521 eum

111 1580 284 1643 Titanibus
299 1579 431 1662 pugnis,
450 1578 490 1641 de
506 1577 631 1641 Briarei
652 1577 772 1640 auxilio
790 1579 809 1639 J
812 1577 865 1640 ovi
880 1577 949 1640 lato
973 1578 1026 1660 (ll.
1046 1583 1075 1654 l,
1093 1580 1154 1642 397
1172 1580 1234 1661 sq.)
1257 1577 1394 1660 aliisque

113 1700 211 1763 rebus
236 1699 290 1762 vel
313 1697 456 1780 turpiter
479 1698 534 1760 vel
558 1697 711 1759 ferociter
733 1719 752 1758 a
773 1696 836 1758 diis
860 1696 958 1759 factis
983 1696 1138 1780 pinguius
1163 1696 1337 1781 descripsit
1362 1703 1396 1759 et

111 1817 298 1895 exornavit,
323 1816 371 1880 ita
392 1823 431 1878 ut
452 1839 471 1878 a
493 1814 631 1878 solemni
656 1814 842 1878 fabularum
863 1815 1024 1878 relatione
1049 1838 1116 1878 non
1137 1817 1285 1900 paullum
1306 1837 1394 1878 reee-

111 1938 215 2000 deret.
254 1937 328 1998 Oua
349 1957 475 1998 recum
496 1955 537 1996 ne
559 1933 636 2013 hinc
659 1933 791 2015 quidem
813 1933 946 2016 aliquod
968 1934 1125 1997 indicium
1147 1923 1306 2019 emergat,
1328 1921 1394 2017 'quo

112 2057 264 2140 Orpheus
277 2054 467 2137 opinionum
477 2053 732 2135 sophisticarum
743 2053 889 2116 damnari
905 2054 1021 2135 possit,
1034 2054 1129 2117 valde
1141 2053 1268 2130 dubito,
1280 2054 1394 2116 Plato·

111 2196 187 2238 nem
207 2175 308 2256 (Soplo.
321 2195 358 2254 p.
377 2177 438 2236 242
455 2173 523 2256 D)³
544 2171 653 2234 verbis
674 2180 705 2240 τὸ
728 2182 759 2239 δὲ
773 2180 838 2258 παρ’
855 2184 918 2258 ἡμῖν
935 2178 1092 2241 Ἐλεατικὸν
1113 2181 1188 2247 ’ἔθνος
1208 2182 1260 2240 ἀπὸ
1277 2181 1394 2260 Ξενοφά-

111 2326 170 2368 νους
183 2326 214 2361 τε
229 2301 273 2360 καὶ
289 2301 326 2359 ἔτι
340 2301 457 2378 πρόσθεν
473 2298 617 2377 ἀρξάμενον
633 2303 670 2365 ὥς
684 2299 740 2364 ἑνὸς
754 2298 828 2365 ὄντος
841 2307 894 2359 τῶν
908 2299 1012 2359 πάντων
1027 2301 1197 2377 καλουμένων
1212 2300 1283 2359 οὕτω
1300 2298 1395 2377 διεξέρ-

109 2443 188 2501 χεται
209 2423 262 2485 τοῖς
285 2418 378 2496 μύθοις
402 2431 476 2472 eum
497 2409 583 2472 inter
599 2409 823 2472 Eleaticorum
844 2431 1071 2492 praecursores
1092 2409 1212 2473 referre
1235 2409 1389 2472 voluisse.

180 2716 270 2783 1Αρί.
288 2737 316 2784 p.
338 2723 396 2766 516.

178 2801 188 2832 2
206 2805 243 2853 Il.
265 2809 304 2852 14.
319 2807 368 2850 292
381 2820 419 2867 sq.
452 2801 524 2862 Quae
544 2803 566 2850 si
586 2801 704 2864 Orpheus
722 2817 811 2850 revera
828 2817 859 2850 ea
877 2803 996 2851 carminis
1016 2803 1056 2850 sui
1073 2809 1155 2865 parte,
1174 2818 1251 2865 quam
1269 2819 1285 2852 a
1304 2801 1393 2851 Gram-

110 2890 211 2938 maticis
235 2887 263 2940 τὸ
287 2887 345 2958 περὶ
363 2881 420 2943 Διὸς
438 2885 482 2938 καὶ
493 2880 583 2958 Ἥρας,
603 2888 759 2950 appellatum
777 2902 834 2936 csse
851 2887 1033 2936 Lobeckius
1057 2889 1161 2950 conjicit
1180 2889 1253 2952 (Agl.
1270 2907 1299 2953 p.
1321 2889 1392 2949 607),

110 2982 164 3023 tam
189 2975 317 3022 obscoene
342 2973 489 3033 exornavit,
517 2981 545 3020 ut
563 2973 594 3021 ab
621 2987 651 3020 eo
674 2973 837 3034 potissimum
863 2972 1026 3022 foedissimae
1054 2973 1183 3021 Parrhasii
1209 2952 1394 3038 et⁹Chrysippi

110 3059 200 3108 Musae
220 3058 336 3107 stimulos
354 3059 500 3120 acciperent
518 3057 564 3120 (cf.
583 3060 661 3122 Dioy.
675 3059 707 3108 L.
728 3061 767 3107 ed.
784 3059 858 3107 Cobet
877 3056 1101 3123 [Parisiie1862],
1125 3059 1187 3118 VII,
1202 3061 1224 3107 7.
1241 3065 1270 3106 12
1284 3078 1313 3124 p.
1329 3065 1392 3108 201:

112 3146 188 3194 olm.
208 3145 306 3194 Homil.
326 3146 366 3192 ed.
387 3144 494 3192 Dressel
513 3141 665 3206 [Gottinyae
686 3143 772 3207 1853],
796 3144 826 3201 V,
848 3148 877 3190 18
893 3161 923 3207 p.
946 3146 991 3192 147
1016 3145 1117 3205 aliaque
1135 3145 1281 3193 testimonia
1299 3159 1314 3191 a
1332 3143 1395 3193 Lo·

110 3229 231 3278 beckio
250 3220 372 3291 congesta
390 3229 452 3291 Api.
468 3246 498 3292 p.
520 3226 591 3291 606),
611 3243 673 3276 saue
690 3227 840 3292 Euthyphro
859 3228 914 3276 iure
933 3229 1018 3277 dicere
1036 3229 1120 3292 potuit
1137 3226 1182 3278 καὶ
1201 3225 1268 3278 ἄλλα
1287 3246 1324 3279 σαι
1343 3228 1393 3298 ἐγὼ

109 3311 194 3364 πολλὰ
208 3351 213 3363 .
229 3350 235 3363 .
251 3351 257 3363 .
271 3312 328 3383 περὶ
346 3321 398 3363 τῶν
416 3309 484 3363 θεῶν
503 3311 671 3381 διηγήσομαι,
698 3311 714 3362 ἃ
733 3311 761 3362 σὺ
781 3312 882 3364 ἀκούων
901 3311 928 3363 εὖ
948 3309 994 3363 οἷδ’
1014 3312 1053 3364 ὅτι
1071 3312 1236 3381 ἐκπλαγήσει.
1274 3312 1395 3362 Ceterum

109 3398 214 3447 Metidis
232 3398 321 3447 uxoris
339 3399 421 3458 iovis,
448 3399 580 3461 cataposin
605 3399 632 3445 in
650 3398 807 3460 Rhapsodiis
825 3399 1031 3461 praetermissam
1049 3400 1075 3446 in
1093 3406 1177 3448 vetere
1196 3399 1261 3447 libro
1279 3399 1396 3463 infuisse,

109 3486 177 3534 infre
200 3486 417 3534 demonstraturus
442 3501 506 3534 sum.
529 3512 558 3520 -
579 3483 700 3533 Giseke
720 3486 738 3533 i.
759 3503 780 3534 e.
797 3503 827 3550 p.
849 3490 879 3534 79
899 3493 924 3534 ct
942 3491 972 3534 81
999 3483 1112 3533 iunonis
1131 3492 1156 3532 et
1173 3483 1246 3532 Jovis
1272 3499 1395 3533 commer-

108 3571 178 3619 cium
195 3571 222 3618 in
240 3585 317 3617 unam
339 3570 439 3618 illarum
458 3565 577 3620 Τελετῶν
600 3571 714 3632 relegare
737 3570 842 3617 mavult.
881 3568 957 3628 Quod
979 3578 1065 3618 tamen
1084 3585 1117 3617 ex
1134 3569 1199 3618 locis
1219 3585 1283 3632 quos
1302 3571 1396 3633 allegat

108 3657 171 3724 Dio,
188 3657 274 3721 Chrys.
295 3659 337 3703 36.
356 3661 406 3702 463
425 3651 530 3723 ὑμνοῦσι
546 3653 637 3709 παῖδες
656 3661 739 3724 σοφῶν
758 3653 784 3703 ἐν
803 3653 920 3724 ἀρρήτοις
938 3653 1055 3710 τελεταῖς
1067 3647 1153 3724 Ἥρας
1170 3653 1214 3705 καὶ
1233 3648 1291 3710 Διὸς
1309 3652 1411 3705 εὐδαί-Υ

108 3756 175 3807 μονα
192 3740 274 3809 γάμον
292 3747 317 3789 ct
334 3741 436 3788 Procul.
456 3741 483 3788 in
504 3741 566 3789 mm.
585 3741 610 3799 I,
630 3745 660 3788 16
679 3738 727 3808 τὴν
752 3737 832 3808 αὐτὴν
857 3738 951 3810 ἑτέροις
973 3737 989 3808 ἢ
1014 3739 1058 3790 τὸν
1077 3737 1153 3790 αὐτὸν
1177 3737 1274 3791 πλείοσι
1292 3739 1394 3810 συζεύγ-

108 3822 211 3885 νυσθαι,
237 3823 324 3893 λάβοις
348 3823 378 3875 ἂν
401 3824 431 3876 ἐκ
453 3832 505 3876 τῶν
528 3832 655 3891 μυστικῶν
679 3823 762 3894 λόγων
785 3823 829 3875 καὶ
851 3833 903 3875 τῶν
929 3825 955 3876 ἐν
979 3825 1129 3896 ἀπορρήτοις
1151 3824 1296 3894 λεγομένων
1322 3825 1396 3897 ἱερῶν

106 3909 200 3978 γάμων
223 3910 285 3958 mihi
307 3925 359 3959 non
382 3911 482 3959 videtur
505 3912 611 3974 liquere.
647 3912 706 3961 Non
729 3913 797 3961 enim
816 3913 847 3960 dc
871 3913 983 3975 scriptis,
1010 3915 1054 3962 sed
1073 3915 1105 3962 dc
1127 3915 1255 3977 mysteriis
1274 3913 1393 3978 Orphicis

109 3995 149 4042 his
167 3995 232 4044 locis
251 4011 334 4044 sermo
353 4004 400 4045 est.

177 4076 189 4107 ⁸
207 4079 283 4140 Quod
300 4082 419 4130 nonnulli
435 4081 483 4131 viri
501 4083 568 4132 docti
587 4081 735 4146 Sophistam
754 4083 854 4132 Platoni
878 4084 1098 4145 abiudicaverunt,
1123 4085 1187 4133 nihil
1206 4085 1256 4133 huc
1274 4085 1392 4148 pertinet.

110 4162 176 4213 Cum
201 4167 269 4215 enim
292 4167 458 4216 nihilominus
478 4166 740 4217 Schaarsehmidt
758 4169 787 4232 (l.
808 4184 875 4232 cp.
897 4168 957 4233 181)
981 4169 1048 4217 huno
1073 4170 1203 4231 dialogum
1221 4177 1279 4218 ante
1296 4171 1396 4219 Aristo-

106 4250 184 4298 telem
209 4251 331 4314 scriptum
355 4267 410 4301 esse
440 4254 574 4315 concedat,
608 4268 660 4302 non
684 4253 788 4302 dubium
813 4261 864 4314 est,
896 4255 957 4316 quin
981 4263 1070 4303 auctor
1093 4255 1147 4302 eius
1172 4255 1281 4303 eundem
1305 4255 1396 4319 legerit

72 4341 74 4345 “
106 4333 249 4398 Orpheum,
269 4351 346 4399 quem
363 4338 437 4387 Plato
456 4345 481 4386 et
498 4337 662 4387 Aristoteles.
