3038 4988
216 60 262 97 ⁵⁴
331 65 855 257 &⁸ng
885 227 891 235 Ι
1202 86 1345 245 f«

285 325 287 330 .
761 277 800 337 98

141 478 210 541 nim
226 478 294 540 iure
312 477 394 540 dicit
409 477 646 540 Welckerus
663 478 761 560 (apud
777 477 959 558 Zoegam,
982 478 1005 538 l.
1025 498 1053 539 c.
1069 500 1101 560 p.
1119 482 1181 540 264
1196 478 1266 559 N.),
1284 479 1423 541 Schel-

141 596 263 679 lingii
279 595 516 659 derivationem
532 596 572 658 ab
584 608 667 678 mitt&
678 609 742 687 :¹5¹ss
758 601 1077 683 paapdtlupocpropter
1089 596 1273 660 litterarum
1283 618 1422 660 concen-

141 722 211 778 tum
230 716 417 797 elegantem
432 715 536 778 videri
552 722 650 796 atque
666 722 808 777 acutam.
854 715 895 778 ld
911 716 1016 777 solum
1035 723 1104 778 erat
1120 715 1321 799 ambiguum,
1342 739 1423 798 quo·

140 834 236 897 modo
253 837 273 896 J
276 837 398 897 ehovae
417 856 536 896 nomen
557 835 598 896 ad
614 834 797 896 Phoenices
815 833 934 896 deferri
953 841 987 897 et
1004 835 1166 917 quomodo
1184 837 1312 898 Phanes
1328 842 1421 913 „tar-

140 952 200 1015 dus
223 953 264 1015 ad
285 953 391 1016 iram“
413 953 523 1017 vocari
544 953 718 1034 potuisset.
764 954 863 1016 Nunc
878 976 955 1016 vero
976 956 1208 1037 huncquoque
1230 956 1420 1038 scrupulum

139 1071 424 1135 Delitzschius
456 1073 536 1135 mihi
566 1072 704 1148 exemit,
737 1072 792 1154 qui
815 1073 956 1135 fortasse
982 1074 1163 1136 Cabbalam
1186 1073 1297 1157 potius
1324 1097 1421 1157 quam

139 1191 246 1254 Vetus
263 1191 510 1255 Testamentum
531 1194 592 1254 hac
614 1191 647 1254 in
663 1214 697 1254 re
719 1191 902 1255 adeundam
923 1214 993 1255 esse
1017 1215 1068 1255 me
1086 1194 1229 1278 doceret.
1275 1194 1316 1256 In
1336 1193 1422 1257 libro

140 1310 223 1373 enirn
243 1312 347 1373 Sohar
370 1319 469 1394 caput
489 1311 578 1373 illius
598 1310 749 1373 Hominis
767 1311 944 1389 Coelestis,
969 1311 1023 1393 qui
1046 1334 1086 1374 ex
1107 1312 1221 1376 decem
1243 1313 1422 1396 Sephiroth

140 1438 287 1509 constat,
309 1432 496 1526 appellatur
512 1442 599 1524 3³23?ss
616 1444 695 1521 titt}
713 1430 903 1514 Arikanpen
920 1434 952 1494 h.
965 1453 992 1494 e.
1011 1433 1128 1516 Longa
1142 1432 1270 1510 Facies,
1293 1439 1422 1496 ceterae

140 1558 250 1614 autem
266 1573 383 1613 novem
401 1551 579 1634 Sephiroth
595 1563 681 1644 3³2?ss
697 1560 769 1643 ’1111
784 1552 818 1612 h.
834 1572 861 1612 e.
880 1552 985 1614 Parva
1001 1554 1053 1614 vel
1072 1551 1184 1614 Brevis
1201 1552 1327 1615 Facies
1359 1553 1424 1615 Est

138 1677 248 1733 autem
267 1670 324 1733 ille
341 1671 532 1753 Arikanpen
549 1672 602 1733 vel
618 1670 812 1754 Erekappen
829 1673 935 1748 Aeon,
958 1693 997 1733 ex
1014 1694 1076 1753 quo
1095 1693 1207 1734 omnes
1223 1693 1274 1734 res
1291 1694 1422 1765 emana-

138 1791 287 1852 verunt.¹
326 1790 445 1852 Nonne
462 1788 564 1872 igitur
580 1789 748 1873 aptissime
764 1790 957 1853 Hellanicus
973 1792 1167 1867 Phanetem,
1186 1801 1292 1878 σπέρμα
1308 1802 1423 1879 φέροντα

136 1917 217 1990 θεῶν,
233 1911 294 1971 hoc
312 1909 443 1971 nomine
460 1931 573 1970 ornare
589 1908 720 1992 potuit?
761 1909 934 1972 Quomodo
951 1918 1062 1972 autem
1078 1909 1167 1972 illius
1182 1910 1315 1973 termini
1332 1911 1419 1974 Cab-

135 2027 280 2090 balistici
296 2027 449 2090 notitiam
465 2028 658 2111 accepisset,
676 2028 739 2090 nisi
754 2029 823 2111 ipse
841 2037 932 2091 ortus
948 2028 1067 2091 fuisset
1084 2051 1124 2092 ex
1136 2030 1314 2093 Phoenicia
1325 2031 1417 2093 Gali-

136 2147 225 2209 laeae
242 2146 402 2209 finitima?

221 2266 281 2329 His
306 2266 408 2348 igitur
434 2265 604 2328 omnibus²
629 2273 760 2358 tantum
785 2266 960 2349 impetrare
986 2268 1067 2330 mihi
1088 2268 1216 2346 videor,
1244 2276 1282 2331 ut
1307 2291 1419 2332 omnes

136 2386 336 2462 concedant,
360 2386 466 2448 multa
482 2385 515 2448 in
531 2386 592 2446 hac
611 2385 755 2468 Orphica
771 2385 963 2468 Theogonia
978 2387 1130 2465 inveniri,
1154 2410 1235 2469 quae
1252 2396 1421 2451 auctorem

103 2535 107 2541 ·
135 2506 205 2588 ejus
227 2512 260 2567 et
277 2505 426 2567 Stoicum
443 2505 674 2589 philosophum
698 2511 733 2567 et
747 2506 947 2569 Phoenicem
966 2505 1067 2570 fuisse
1085 2509 1291 2571 confirment.
1338 2507 1421 2569 Cum

137 2733 295 2781 nominatum
314 2746 370 2779 esse
389 2730 502 2791 conjicit.
541 2727 591 2776 Sed
610 2729 697 2777 nescio
719 2744 780 2776 num
805 2731 885 2778 nostri
904 2729 1075 2793 Aegyptologi
1093 2744 1182 2779 revera
1203 2731 1229 2778 in
1248 2735 1420 2781 monumentis

134 2818 184 2866 hoc
202 2833 294 2866 nomen
319 2816 467 2878 repererint.
504 2816 591 2877 Zoega
614 2824 749 2877 propterea
771 2816 796 2862 in
820 2815 887 2863 hanc
911 2816 1093 2864 derivationem
1115 2816 1214 2876 incidit,
1240 2817 1308 2878 quod
1325 2817 1422 2866 Malela

136 2903 271 2966 Ericapaei
290 2917 383 2950 nomen
402 2901 582 2963 interpretatur
601 2898 730 2969 ζωοδοτήρ
759 2899 804 2962 (cf.
823 2901 886 2949 Lot.
906 2901 968 2964 Api.
989 2903 1009 2949 I
1024 2918 1053 2965 p.
1074 2901 1144 2964 479).
1181 2900 1308 2962 Equidem
1331 2903 1420 2950 eadem

135 2989 259 3036 adductus
285 2987 490 3036 consideratione
515 2986 654 3047 aliquando
679 2986 791 3033 radicem
809 2992 867 3059 ηιῂ
887 2986 972 3034 fovere
990 2985 1160 3034 adhibendam
1182 2986 1278 3048 putavi.
1316 2985 1421 3040 Cumtc

137 3075 205 3121 enim
232 3074 346 3136 praefixo
375 3073 470 3134 fingere
492 3072 553 3119 licet
581 3071 763 3119 substantivum
789 3077 868 3139 ttrittt
892 3071 1014 3133 Archaph
1040 3072 1066 3119 h.
1087 3086 1108 3118 e.
1138 3073 1160 3119 is
1183 3072 1229 3134 qui
1254 3073 1329 3120 fovet.
1368 3071 1420 3120 Sed

138 3159 230 3217 obstat,
251 3161 318 3221 quod
337 3172 389 3206 non
409 3156 540 3215 Hercules,
561 3155 603 3216 qui
623 3170 698 3203 ovum
715 3156 798 3217 gignit
816 3165 841 3203 et
859 3158 935 3216 fovet,
957 3157 994 3205 ita
1013 3157 1163 3219 appellatur,
1184 3158 1227 3204 sed
1246 3157 1355 3215 Phanas,
1376 3159 1420 3219 qui

139 3259 171 3292 ex
189 3259 237 3292 ovo
256 3243 374 3292 nascitur.
1445 3227 1448 3231 ⁵

205 3325 214 3355 ¹
234 3330 377 3389 Franck,
397 3331 447 3378 Die
460 3328 579 3377 Kabbala
599 3325 692 3388 (tibere.
712 3344 736 3375 ο.
755 3327 870 3385 Geliaelr,
888 3328 992 3391 Leipzip
1011 3326 1096 3391 1844),
1111 3347 1141 3392 p.
1159 3333 1205 3376 136
1218 3328 1253 3376 N.
1267 3333 1296 3374 2:
1316 3318 1420 3380 11111211

138 3422 245 3483 urrann
269 3405 358 3467 ubam
382 3421 447 3466 tutu
471 3423 546 3482 7³5³&
565 3422 636 3487 ΤἾΒ
660 3423 729 3482 ΜΡ)
752 3422 842 3467 πῆ.
881 3416 929 3464 Hic
952 3417 1030 3478 igitur
1051 3418 1118 3465 idem
1141 3418 1251 3465 occurrit
1268 3417 1420 3465 vocabulum

136 3492 211 3575 Εξῆἳ,
226 3517 277 3564 quo
296 3516 372 3563 supra
391 3501 462 3548 illum
475 3500 595 3548 t'lomum
611 3516 627 3548 a
642 3502 737 3550 Mocho
756 3503 904 3564 insignitum
923 3517 978 3550 esse
996 3503 1113 3550 vidimus.
1145 3500 1264 3550 Ceterum
1282 3504 1420 3551 admodum

137 3589 183 3634 crit
202 3595 343 3635 memoratu
363 3586 478 3647 dignum,
506 3586 527 3632 si
551 3584 599 3632 hac
624 3587 734 3634 nominis
753 3586 894 3649 Eracapaei
918 3588 1072 3635 derivatione
1095 3587 1156 3635 viris
1180 3588 1261 3636 doctis
1279 3587 1420 3651 approbata

137 3672 187 3719 iam
211 3672 314 3719 saeculo
338 3686 361 3718 a.
382 3669 429 3719 Ch.
454 3673 566 3719 secundo
589 3673 724 3719 terminum
749 3673 820 3719 illum
844 3674 870 3720 in
894 3671 1008 3721 Cabbala
1032 3672 1133 3721 obvium
1156 3680 1208 3720 tam
1231 3674 1317 3722 tritum
1340 3674 1419 3722 fuisse

136 3759 271 3819 evincatur,
293 3759 363 3805 utin
382 3757 538 3805 Phoenicum
559 3759 751 3819 cosmogoniam
770 3772 887 3806 emanare
906 3760 1025 3821 potuerit.
1062 3759 1102 3807 Ita
1120 3759 1187 3807 enim
1207 3760 1258 3806 iarn
1276 3774 1328 3806 non
1346 3759 1419 3807 dubi·

135 3844 251 3903 tandum,
280 3844 339 3905 quin
364 3844 437 3890 istius
456 3842 581 3890 Judaicac
600 3843 778 3905 philosophiae
801 3845 940 3906 primordia
958 3846 996 3892 vel
1021 3846 1052 3892 ad
1070 3844 1285 3892 Maccabaeorum
1303 3851 1420 3906 tempora

136 3929 279 3976 revocanda
297 3928 356 3976 siut.
893 3923 895 3927 ’

204 4010 214 4040 ²
232 4013 300 4060 Addi
316 4013 424 4060 fortasse
437 4020 530 4075 potest,
551 4014 616 4074 quod
631 4012 754 4062 Hercules
768 4022 793 4062 et
806 4014 905 4063 Phanes
919 4022 944 4063 et
955 4015 999 4063 illa
1018 4011 1085 4084 ἄλλη
1100 4014 1174 4084 γενεή
1188 4015 1234 4077 (cf.
1244 4015 1286 4080 p.)
1306 4016 1418 4078 speciem

136 4099 254 4146 habuisse
273 4098 444 4159 serpentinam
457 4098 583 4156 dicuntur,
604 4113 660 4144 cum
675 4098 817 4147 Phoenices
835 4101 960 4162 imprimis
979 4109 1005 4149 ct
1017 4102 1137 4164 Aegyptii
1157 4109 1300 4163 serpentem
1317 4116 1418 4149 sacmm

134 4186 255 4233 duxerint
273 4184 306 4231 cf.
327 4184 453 4232 Sanctae.
470 4200 499 4247 p.
520 4190 565 4230 44:
591 4178 644 4250 Τὴν
663 4183 710 4250 μὲν
728 4181 771 4234 οὖν
789 4190 833 4236 τοῦ
852 4179 994 4256 Δράκοντος
1011 4185 1083 4255 φύσιν
1101 4185 1145 4236 καὶ
1163 4194 1214 4237 τῶν
1233 4184 1316 4256 ὀφέων
1341 4183 1419 4242 αὐτὸς

136 4268 278 4330 &Echeleos-r
303 4268 315 4318 ὁ
336 4265 451 4323 Telau-tor
468 4267 512 4318 aci
537 4265 590 4335 μετ’
611 4267 686 4319 αὐτὸν
712 4266 783 4325 αὖθις
802 4268 917 4326 Φοίνικες
934 4288 962 4320 τε
986 4270 1030 4320 καὶ
1049 4266 1180 4339 Αἰγύπτιοι
1199 4308 1292 4322 .....
1313 4271 1350 4321 διὸ
1373 4271 1418 4322 καὶ

136 4357 162 4407 ἐν
182 4357 258 4426 ἱεροῖς
275 4361 350 4406 τοῦτο
368 4355 397 4405 τὸ
417 4354 480 4412 ζῶον
497 4354 542 4405 καὶ
561 4354 586 4404 ἐν
604 4354 748 4425 μυστηρίοις
761 4353 1000 4426 συμπαρείληπται.
1016 4395 1021 4406 .
1037 4395 1043 4407 .
1059 4353 1173 4412 Φοίνικες
1192 4355 1220 4406 δὲ
1239 4354 1301 4407 αὐτὸ
1321 4353 1419 4425 ἀγαθὸν

136 4439 244 4510 δαίμονα
261 4440 389 4492 καλοῦσιν.
