<?xml version="1.0" encoding="UTF-8"?>
<!DOCTYPE html PUBLIC "-//W3C//DTD XHTML 1.0 Transitional//EN"
    "http://www.w3.org/TR/xhtml1/DTD/xhtml1-transitional.dtd">
<html xmlns="http://www.w3.org/1999/xhtml" xml:lang="en" lang="en">
 <head>
  <title>
</title>
<meta http-equiv="Content-Type" content="text/html;charset=utf-8" />
  <meta name='ocr-system' content='tesseract 3.04.00' />
  <meta name='ocr-capabilities' content='ocr_page ocr_carea ocr_par ocr_line ocrx_word'/>
</head>
<body>
  <div class='ocr_page' id='page_1' title='image "./deveterisorphic01schugoog_0055.png"; bbox 0 0 3038 4988; ppageno 0'>
   <div class='ocr_carea' id='block_1_1' title="bbox 784 221 825 280">
    <p class='ocr_par' dir='ltr' id='par_1_1' title="bbox 784 221 825 280">
     <span class='ocr_line' id='line_1_1' title="bbox 784 221 825 280; baseline 0 0"><span class='ocrx_word' id='word_1_1' title='bbox 784 221 825 280; x_wconf 78' lang='lat'><strong>46</strong></span> 
     </span>
    </p>
   </div>
   <div class='ocr_carea' id='block_1_2' title="bbox 164 421 1453 1223">
    <p class='ocr_par' dir='ltr' id='par_1_2' title="bbox 164 421 1453 1223">
     <span class='ocr_line' id='line_1_2' title="bbox 250 421 1453 506; baseline 0.002 -22"><span class='ocrx_word' id='word_1_2' title='bbox 250 421 395 485; x_wconf 89' lang='lat' dir='ltr'><strong>Potuit</strong></span> <span class='ocrx_word' id='word_1_3' title='bbox 410 421 512 504; x_wconf 81' lang='lat' dir='ltr'><strong>igitur</strong></span> <span class='ocrx_word' id='word_1_4' title='bbox 528 422 687 486; x_wconf 89' lang='lat' dir='ltr'><strong>Phanetis</strong></span> <span class='ocrx_word' id='word_1_5' title='bbox 704 421 867 506; x_wconf 88' lang='lat' dir='ltr'><strong>cataposis</strong></span> <span class='ocrx_word' id='word_1_6' title='bbox 884 421 990 485; x_wconf 88' lang='lat' dir='ltr'><strong>inesse</strong></span> <span class='ocrx_word' id='word_1_7' title='bbox 1007 421 1040 485; x_wconf 93' lang='lat' dir='ltr'><strong>in</strong></span> <span class='ocrx_word' id='word_1_8' title='bbox 1056 430 1167 484; x_wconf 86' lang='lat' dir='ltr'><strong>vetere</strong></span> <span class='ocrx_word' id='word_1_9' title='bbox 1183 422 1376 505; x_wconf 79' lang='lat' dir='ltr'><strong>Theogonia</strong></span> <span class='ocrx_word' id='word_1_10' title='bbox 1393 424 1453 486; x_wconf 92' lang='lat' dir='ltr'><strong>Or-</strong></span> 
     </span>
     <span class='ocr_line' id='line_1_3' title="bbox 164 539 1451 625; baseline 0.001 -21"><span class='ocrx_word' id='word_1_11' title='bbox 164 539 288 624; x_wconf 61' lang='lat' dir='ltr'><strong>phica,</strong></span> <span class='ocrx_word' id='word_1_12' title='bbox 302 542 360 605; x_wconf 92' lang='lat' dir='ltr'><strong>sed</strong></span> <span class='ocrx_word' id='word_1_13' title='bbox 382 563 453 605; x_wconf 91' lang='lat' dir='ltr'><strong>eam</strong></span> <span class='ocrx_word' id='word_1_14' title='bbox 473 563 511 605; x_wconf 92' lang='lat' dir='ltr'><strong>re</strong></span> <span class='ocrx_word' id='word_1_15' title='bbox 530 563 623 605; x_wconf 90' lang='lat' dir='ltr'><strong>vera</strong></span> <span class='ocrx_word' id='word_1_16' title='bbox 644 541 834 619; x_wconf 84' lang='lat' dir='ltr'>infuisse,</span> <span class='ocrx_word' id='word_1_17' title='bbox 858 540 939 603; x_wconf 91' lang='lat' dir='ltr'><strong>mihi</strong></span> <span class='ocrx_word' id='word_1_18' title='bbox 955 540 1067 619; x_wconf 85' lang='lat' dir='ltr'><strong>exiis,</strong></span> <span class='ocrx_word' id='word_1_19' title='bbox 1091 563 1173 624; x_wconf 87' lang='lat' dir='ltr'><strong>quae</strong></span> <span class='ocrx_word' id='word_1_20' title='bbox 1189 564 1288 624; x_wconf 87' lang='lat' dir='ltr'><strong>supra</strong></span> <span class='ocrx_word' id='word_1_21' title='bbox 1303 543 1451 625; x_wconf 89' lang='lat' dir='ltr'><strong>apposui,</strong></span> 
     </span>
     <span class='ocr_line' id='line_1_4' title="bbox 164 660 1452 744; baseline 0.001 -19"><span class='ocrx_word' id='word_1_22' title='bbox 164 669 314 725; x_wconf 86' lang='lat' dir='ltr'><strong>veterum</strong></span> <span class='ocrx_word' id='word_1_23' title='bbox 334 660 531 743; x_wconf 90' lang='lat' dir='ltr'><strong>scriptorum</strong></span> <span class='ocrx_word' id='word_1_24' title='bbox 550 660 765 739; x_wconf 89' lang='lat' dir='ltr'><strong>testimoniis,</strong></span> <span class='ocrx_word' id='word_1_25' title='bbox 790 660 908 744; x_wconf 92' lang='lat' dir='ltr'><strong>quibus</strong></span> <span class='ocrx_word' id='word_1_26' title='bbox 930 661 1009 724; x_wconf 87' lang='lat' dir='ltr'><strong>solis</strong></span> <span class='ocrx_word' id='word_1_27' title='bbox 1031 660 1155 744; x_wconf 89' lang='lat' dir='ltr'><strong>aliquid</strong></span> <span class='ocrx_word' id='word_1_28' title='bbox 1172 661 1211 724; x_wconf 92' lang='lat' dir='ltr'><strong>de</strong></span> <span class='ocrx_word' id='word_1_29' title='bbox 1227 663 1291 725; x_wconf 89' lang='lat' dir='ltr'><strong>hoc</strong></span> <span class='ocrx_word' id='word_1_30' title='bbox 1307 661 1369 725; x_wconf 91' lang='lat' dir='ltr'><strong>deo</strong></span> <span class='ocrx_word' id='word_1_31' title='bbox 1386 685 1452 726; x_wconf 91' lang='lat' dir='ltr'><strong>me·</strong></span> 
     </span>
     <span class='ocr_line' id='line_1_5' title="bbox 165 779 1453 865; baseline 0.002 -22"><span class='ocrx_word' id='word_1_32' title='bbox 165 780 287 844; x_wconf 88' lang='lat' dir='ltr'><strong>moriae</strong></span> <span class='ocrx_word' id='word_1_33' title='bbox 308 779 475 863; x_wconf 89' lang='lat' dir='ltr'><strong>proditum</strong></span> <span class='ocrx_word' id='word_1_34' title='bbox 497 788 559 859; x_wconf 90' lang='lat' dir='ltr'><strong>est,</strong></span> <span class='ocrx_word' id='word_1_35' title='bbox 582 780 679 844; x_wconf 90' lang='lat' dir='ltr'><strong>valde</strong></span> <span class='ocrx_word' id='word_1_36' title='bbox 696 788 747 843; x_wconf 90' lang='lat' dir='ltr'><strong>est</strong></span> <span class='ocrx_word' id='word_1_37' title='bbox 766 780 835 843; x_wconf 91' lang='lat' dir='ltr'><strong>veri</strong></span> <span class='ocrx_word' id='word_1_38' title='bbox 854 779 1023 843; x_wconf 85' lang='lat' dir='ltr'><strong>dissimile.</strong></span> <span class='ocrx_word' id='word_1_39' title='bbox 1069 781 1121 843; x_wconf 86' lang='lat' dir='ltr'><strong>Ex</strong></span> <span class='ocrx_word' id='word_1_40' title='bbox 1136 780 1331 865; x_wconf 88' lang='lat' dir='ltr'><strong>Hieronymi</strong></span> <span class='ocrx_word' id='word_1_41' title='bbox 1350 781 1453 864; x_wconf 81' lang='lat' dir='ltr'><strong>igitur</strong></span> 
     </span>
     <span class='ocr_line' id='line_1_6' title="bbox 164 898 1451 983; baseline 0.001 -19"><span class='ocrx_word' id='word_1_42' title='bbox 164 901 218 964; x_wconf 88' lang='lat' dir='ltr'><strong>vel</strong></span> <span class='ocrx_word' id='word_1_43' title='bbox 234 899 400 965; x_wconf 92' lang='lat' dir='ltr'><strong>Hellanici</strong></span> <span class='ocrx_word' id='word_1_44' title='bbox 414 899 500 962; x_wconf 92' lang='lat' dir='ltr'><strong>libro</strong></span> <span class='ocrx_word' id='word_1_45' title='bbox 517 899 675 983; x_wconf 89' lang='lat' dir='ltr'><strong>Orphico,</strong></span> <span class='ocrx_word' id='word_1_46' title='bbox 696 899 753 963; x_wconf 93' lang='lat' dir='ltr'><strong>ubi</strong></span> <span class='ocrx_word' id='word_1_47' title='bbox 769 900 927 963; x_wconf 88' lang='lat' dir='ltr'><strong>Phanetis</strong></span> <span class='ocrx_word' id='word_1_48' title='bbox 943 898 1048 982; x_wconf 89' lang='lat' dir='ltr'><strong>prima</strong></span> <span class='ocrx_word' id='word_1_49' title='bbox 1062 899 1214 964; x_wconf 85' lang='lat' dir='ltr'><strong>videatur</strong></span> <span class='ocrx_word' id='word_1_50' title='bbox 1229 899 1354 963; x_wconf 88' lang='lat' dir='ltr'><strong>mentio</strong></span> <span class='ocrx_word' id='word_1_51' title='bbox 1371 900 1451 980; x_wconf 88' lang='lat' dir='ltr'><strong>fieri,</strong></span> 
     </span>
     <span class='ocr_line' id='line_1_7' title="bbox 165 1013 1451 1103; baseline 0.002 -21"><span class='ocrx_word' id='word_1_52' title='bbox 165 1020 270 1103; x_wconf 85' lang='lat' dir='ltr'><strong>magis</strong></span> <span class='ocrx_word' id='word_1_53' title='bbox 292 1041 389 1103; x_wconf 93' lang='lat' dir='ltr'><strong>quam</strong></span> <span class='ocrx_word' id='word_1_54' title='bbox 412 1041 451 1083; x_wconf 85' lang='lat' dir='ltr'><strong>ex</strong></span> <span class='ocrx_word' id='word_1_55' title='bbox 471 1019 529 1082; x_wconf 89' lang='lat' dir='ltr'><strong>illa</strong></span> <span class='ocrx_word' id='word_1_56' title='bbox 547 1019 582 1082; x_wconf 93' lang='lat' dir='ltr'><strong>in</strong></span> <span class='ocrx_word' id='word_1_57' title='bbox 604 1019 850 1083; x_wconf 73' lang='lat' dir='ltr'><strong>Platonicorum</strong></span> <span class='ocrx_word' id='word_1_58' title='bbox 869 1019 1075 1102; x_wconf 83' lang='lat' dir='ltr'><strong>Rhapsodias</strong></span> <span class='ocrx_word' id='word_1_59' title='bbox 1097 1013 1277 1084; x_wconf 86' lang='lat' dir='ltr'><strong>deductum</strong></span> <span class='ocrx_word' id='word_1_60' title='bbox 1299 1019 1451 1084; x_wconf 85' lang='lat' dir='ltr'><strong>existimo</strong></span> 
     </span>
     <span class='ocr_line' id='line_1_8' title="bbox 166 1137 1182 1223; baseline -0.001 -20"><span class='ocrx_word' id='word_1_61' title='bbox 166 1143 253 1203; x_wconf 91' lang='lat' dir='ltr'><strong>hunc</strong></span> <span class='ocrx_word' id='word_1_62' title='bbox 269 1140 367 1203; x_wconf 90' lang='lat' dir='ltr'><strong>deum</strong></span> <span class='ocrx_word' id='word_1_63' title='bbox 383 1137 497 1201; x_wconf 89' lang='lat' dir='ltr'><strong>multis</strong></span> <span class='ocrx_word' id='word_1_64' title='bbox 514 1140 554 1202; x_wconf 96' lang='lat' dir='ltr'><strong>de</strong></span> <span class='ocrx_word' id='word_1_65' title='bbox 571 1139 677 1203; x_wconf 89' lang='lat' dir='ltr'><strong>causis</strong></span> <span class='ocrx_word' id='word_1_66' title='bbox 692 1138 857 1222; x_wconf 80' lang='lat' dir='ltr'><strong>insignem</strong></span> <span class='ocrx_word' id='word_1_67' title='bbox 873 1148 972 1223; x_wconf 90' lang='lat' dir='ltr'><strong>atque</strong></span> <span class='ocrx_word' id='word_1_68' title='bbox 988 1139 1182 1203; x_wconf 83' lang='lat' dir='ltr'><strong>notabilem.</strong></span> 
     </span>
    </p>
   </div>
   <div class='ocr_carea' id='block_1_3' title="bbox 766 1346 847 1428">
    <p class='ocr_par' dir='ltr' id='par_1_3' title="bbox 766 1346 847 1428">
     <span class='ocr_line' id='line_1_9' title="bbox 766 1346 847 1428; baseline -0.025 -21"><span class='ocrx_word' id='word_1_69' title='bbox 766 1346 795 1428; x_wconf 72' lang='lat' dir='ltr'><strong>s.</strong></span> <span class='ocrx_word' id='word_1_70' title='bbox 819 1346 847 1407; x_wconf 80' lang='lat'><strong>7.</strong></span> 
     </span>
    </p>
   </div>
   <div class='ocr_carea' id='block_1_4' title="bbox 75 1495 1451 3012">
    <p class='ocr_par' dir='ltr' id='par_1_4' title="bbox 75 1495 1451 3012">
     <span class='ocr_line' id='line_1_10' title="bbox 252 1495 1450 1580; baseline 0.002 -20"><span class='ocrx_word' id='word_1_71' title='bbox 252 1497 300 1560; x_wconf 90' lang='lat' dir='ltr'><strong>Ut</strong></span> <span class='ocrx_word' id='word_1_72' title='bbox 316 1505 427 1560; x_wconf 88' lang='lat' dir='ltr'><strong>autem</strong></span> <span class='ocrx_word' id='word_1_73' title='bbox 442 1496 563 1560; x_wconf 86' lang='lat' dir='ltr'><strong>veteris</strong></span> <span class='ocrx_word' id='word_1_74' title='bbox 578 1496 789 1579; x_wconf 80' lang='lat' dir='ltr'><strong>Theogoniae</strong></span> <span class='ocrx_word' id='word_1_75' title='bbox 804 1495 1005 1560; x_wconf 89' lang='lat' dir='ltr'><strong>lineamenta</strong></span> <span class='ocrx_word' id='word_1_76' title='bbox 1022 1519 1120 1580; x_wconf 89' lang='lat' dir='ltr'><strong>quam</strong></span> <span class='ocrx_word' id='word_1_77' title='bbox 1133 1497 1381 1561; x_wconf 87' lang='lat' dir='ltr'><strong>accuratissime</strong></span> <span class='ocrx_word' id='word_1_78' title='bbox 1394 1499 1450 1562; x_wconf 90' lang='lat' dir='ltr'><strong>ad-</strong></span> 
     </span>
     <span class='ocr_line' id='line_1_11' title="bbox 167 1615 1450 1700; baseline 0 -20"><span class='ocrx_word' id='word_1_79' title='bbox 167 1619 332 1694; x_wconf 90' lang='lat' dir='ltr'><strong>umbrem‚</strong></span> <span class='ocrx_word' id='word_1_80' title='bbox 351 1622 472 1693; x_wconf 90' lang='lat' dir='ltr'><strong>restat,</strong></span> <span class='ocrx_word' id='word_1_81' title='bbox 490 1621 529 1679; x_wconf 91' lang='lat' dir='ltr'><strong>ut</strong></span> <span class='ocrx_word' id='word_1_82' title='bbox 545 1615 644 1679; x_wconf 88' lang='lat' dir='ltr'><strong>etiam</strong></span> <span class='ocrx_word' id='word_1_83' title='bbox 662 1616 701 1678; x_wconf 98' lang='lat' dir='ltr'><strong>de</strong></span> <span class='ocrx_word' id='word_1_84' title='bbox 717 1616 843 1698; x_wconf 81' lang='lat' dir='ltr'><strong>Zagreo</strong></span> <span class='ocrx_word' id='word_1_85' title='bbox 860 1617 1019 1679; x_wconf 90' lang='lat' dir='ltr'><strong>nonnulla</strong></span> <span class='ocrx_word' id='word_1_86' title='bbox 1035 1617 1169 1694; x_wconf 82' lang='lat' dir='ltr'><strong>addam,</strong></span> <span class='ocrx_word' id='word_1_87' title='bbox 1188 1615 1306 1700; x_wconf 90' lang='lat' dir='ltr'><strong>quibus</strong></span> <span class='ocrx_word' id='word_1_88' title='bbox 1312 1665 1321 1694; x_wconf 94' lang='lat'><strong>,</strong></span> <span class='ocrx_word' id='word_1_89' title='bbox 1340 1625 1450 1680; x_wconf 90' lang='lat' dir='ltr'><strong>utrum</strong></span> 
     </span>
     <span class='ocr_line' id='line_1_12' title="bbox 166 1734 1451 1813; baseline 0 -14"><span class='ocrx_word' id='word_1_90' title='bbox 166 1737 274 1799; x_wconf 87' lang='lat' dir='ltr'><strong>inilia</strong></span> <span class='ocrx_word' id='word_1_91' title='bbox 293 1737 333 1798; x_wconf 94' lang='lat' dir='ltr'><strong>de</strong></span> <span class='ocrx_word' id='word_1_92' title='bbox 355 1757 392 1798; x_wconf 94' lang='lat' dir='ltr'><strong>eo</strong></span> <span class='ocrx_word' id='word_1_93' title='bbox 416 1757 521 1798; x_wconf 88' lang='lat' dir='ltr'><strong>sermo</strong></span> <span class='ocrx_word' id='word_1_94' title='bbox 543 1734 643 1797; x_wconf 85' lang='lat' dir='ltr'><strong>fuerit</strong></span> <span class='ocrx_word' id='word_1_95' title='bbox 664 1756 725 1798; x_wconf 91' lang='lat' dir='ltr'><strong>nec</strong></span> <span class='ocrx_word' id='word_1_96' title='bbox 747 1757 803 1813; x_wconf 90' lang='lat' dir='ltr'><strong>ne,</strong></span> <span class='ocrx_word' id='word_1_97' title='bbox 827 1734 1038 1799; x_wconf 86' lang='lat' dir='ltr'><strong>manifestum</strong></span> <span class='ocrx_word' id='word_1_98' title='bbox 1062 1736 1131 1798; x_wconf 91' lang='lat' dir='ltr'><strong>fiat.</strong></span> <span class='ocrx_word' id='word_1_99' title='bbox 1165 1736 1239 1799; x_wconf 77' lang='lat' dir='ltr'><strong>Qua</strong></span> <span class='ocrx_word' id='word_1_100' title='bbox 1258 1737 1292 1799; x_wconf 93' lang='lat' dir='ltr'><strong>in</strong></span> <span class='ocrx_word' id='word_1_101' title='bbox 1313 1759 1348 1800; x_wconf 93' lang='lat' dir='ltr'><strong>re</strong></span> <span class='ocrx_word' id='word_1_102' title='bbox 1370 1737 1451 1799; x_wconf 90' lang='lat' dir='ltr'><strong>mihi</strong></span> 
     </span>
     <span class='ocr_line' id='line_1_13' title="bbox 166 1854 1449 1938; baseline 0 -19"><span class='ocrx_word' id='word_1_103' title='bbox 166 1855 310 1920; x_wconf 85' lang='lat' dir='ltr'><strong>breviori</strong></span> <span class='ocrx_word' id='word_1_104' title='bbox 326 1876 397 1918; x_wconf 91' lang='lat' dir='ltr'><strong>esse</strong></span> <span class='ocrx_word' id='word_1_105' title='bbox 414 1855 493 1918; x_wconf 90' lang='lat' dir='ltr'><strong>licet</strong></span> <span class='ocrx_word' id='word_1_106' title='bbox 510 1878 607 1938; x_wconf 90' lang='lat' dir='ltr'><strong>quam</strong></span> <span class='ocrx_word' id='word_1_107' title='bbox 623 1854 655 1917; x_wconf 91' lang='lat' dir='ltr'><strong>in</strong></span> <span class='ocrx_word' id='word_1_108' title='bbox 672 1854 831 1917; x_wconf 87' lang='lat' dir='ltr'><strong>Phanetis</strong></span> <span class='ocrx_word' id='word_1_109' title='bbox 847 1855 962 1917; x_wconf 88' lang='lat' dir='ltr'><strong>fabula</strong></span> <span class='ocrx_word' id='word_1_110' title='bbox 978 1855 1191 1933; x_wconf 83' lang='lat' dir='ltr'><strong>excutienda,</strong></span> <span class='ocrx_word' id='word_1_111' title='bbox 1214 1877 1287 1918; x_wconf 88' lang='lat' dir='ltr'><strong>cum</strong></span> <span class='ocrx_word' id='word_1_112' title='bbox 1304 1856 1345 1918; x_wconf 94' lang='lat' dir='ltr'><strong>de</strong></span> <span class='ocrx_word' id='word_1_113' title='bbox 1366 1855 1449 1919; x_wconf 89' lang='lat' dir='ltr'><strong>anti-</strong></span> 
     </span>
     <span class='ocr_line' id='line_1_14' title="bbox 75 1973 1449 2067; baseline 0.001 -31"><span class='ocrx_word' id='word_1_114' title='bbox 75 2065 77 2067; x_wconf 17' lang='lat'>·</span> <span class='ocrx_word' id='word_1_115' title='bbox 168 1974 294 2057; x_wconf 88' lang='lat' dir='ltr'><strong>quitate</strong></span> <span class='ocrx_word' id='word_1_116' title='bbox 311 1974 507 2037; x_wconf 87' lang='lat' dir='ltr'><strong>narra-tionis</strong></span> <span class='ocrx_word' id='word_1_117' title='bbox 524 1974 564 2037; x_wconf 95' lang='lat' dir='ltr'><strong>de</strong></span> <span class='ocrx_word' id='word_1_118' title='bbox 579 1973 697 2056; x_wconf 82' lang='lat' dir='ltr'><strong>Zagrei</strong></span> <span class='ocrx_word' id='word_1_119' title='bbox 713 1982 818 2036; x_wconf 89' lang='lat' dir='ltr'><strong>morte</strong></span> <span class='ocrx_word' id='word_1_120' title='bbox 835 1975 930 2037; x_wconf 86' lang='lat' dir='ltr'><strong>nulla¹</strong></span> <span class='ocrx_word' id='word_1_121' title='bbox 943 1974 987 2037; x_wconf 89' lang='lat' dir='ltr'><strong>sit</strong></span> <span class='ocrx_word' id='word_1_122' title='bbox 1002 1974 1088 2038; x_wconf 89' lang='lat' dir='ltr'><strong>inter</strong></span> <span class='ocrx_word' id='word_1_123' title='bbox 1107 1974 1193 2037; x_wconf 90' lang='lat' dir='ltr'><strong>viros</strong></span> <span class='ocrx_word' id='word_1_124' title='bbox 1215 1974 1332 2037; x_wconf 87' lang='lat' dir='ltr'><strong>doctos</strong></span> <span class='ocrx_word' id='word_1_125' title='bbox 1355 1975 1449 2038; x_wconf 92' lang='lat' dir='ltr'><strong>dubi-</strong></span> 
     </span>
     <span class='ocr_line' id='line_1_15' title="bbox 166 2082 1450 2178; baseline 0.002 -22"><span class='ocrx_word' id='word_1_126' title='bbox 166 2095 262 2158; x_wconf 88' lang='lat' dir='ltr'><strong>tatio.</strong></span> <span class='ocrx_word' id='word_1_127' title='bbox 298 2093 416 2156; x_wconf 89' lang='lat' dir='ltr'><strong>Utrum</strong></span> <span class='ocrx_word' id='word_1_128' title='bbox 436 2093 521 2157; x_wconf 92' lang='lat' dir='ltr'><strong>enim</strong></span> <span class='ocrx_word' id='word_1_129' title='bbox 539 2082 771 2156; x_wconf 87' lang='lat' dir='ltr'><strong>Onomacritus</strong></span> <span class='ocrx_word' id='word_1_130' title='bbox 787 2094 926 2177; x_wconf 88' lang='lat' dir='ltr'><strong>Delphis</strong></span> <span class='ocrx_word' id='word_1_131' title='bbox 944 2095 1013 2178; x_wconf 85' lang='lat' dir='ltr'><strong>ejus</strong></span> <span class='ocrx_word' id='word_1_132' title='bbox 1031 2093 1172 2157; x_wconf 86' lang='lat' dir='ltr'><strong>fabellae</strong></span> <span class='ocrx_word' id='word_1_133' title='bbox 1187 2093 1341 2157; x_wconf 74' lang='lat' dir='ltr'><strong>notitiam</strong></span> <span class='ocrx_word' id='word_1_134' title='bbox 1357 2116 1450 2158; x_wconf 88' lang='lat' dir='ltr'><strong>acce·</strong></span> 
     </span>
     <span class='ocr_line' id='line_1_16' title="bbox 166 2211 1450 2299; baseline 0.002 -24"><span class='ocrx_word' id='word_1_135' title='bbox 166 2214 252 2298; x_wconf 90' lang='lat' dir='ltr'><strong>perit</strong></span> <span class='ocrx_word' id='word_1_136' title='bbox 260 2215 282 2291; x_wconf 89' lang='lat'><strong>¹,</strong></span> <span class='ocrx_word' id='word_1_137' title='bbox 307 2235 348 2275; x_wconf 92' lang='lat' dir='ltr'><strong>an</strong></span> <span class='ocrx_word' id='word_1_138' title='bbox 363 2212 433 2295; x_wconf 90' lang='lat' dir='ltr'><strong>ipse</strong></span> <span class='ocrx_word' id='word_1_139' title='bbox 450 2234 520 2276; x_wconf 88' lang='lat' dir='ltr'><strong>eam</strong></span> <span class='ocrx_word' id='word_1_140' title='bbox 538 2211 670 2276; x_wconf 85' lang='lat' dir='ltr'><strong>finxerit</strong></span> <span class='ocrx_word' id='word_1_141' title='bbox 686 2215 802 2296; x_wconf 86' lang='lat' dir='ltr'><strong>mytho</strong></span> <span class='ocrx_word' id='word_1_142' title='bbox 820 2212 1027 2296; x_wconf 87' lang='lat' dir='ltr'><strong>Aegyptiaco</strong></span> <span class='ocrx_word' id='word_1_143' title='bbox 1045 2213 1085 2275; x_wconf 91' lang='lat' dir='ltr'><strong>de</strong></span> <span class='ocrx_word' id='word_1_144' title='bbox 1103 2213 1232 2275; x_wconf 91' lang='lat' dir='ltr'><strong>Osiride</strong></span> <span class='ocrx_word' id='word_1_145' title='bbox 1254 2236 1273 2276; x_wconf 89' lang='lat' dir='ltr'><strong>a</strong></span> <span class='ocrx_word' id='word_1_146' title='bbox 1290 2214 1450 2299; x_wconf 82' lang='lat' dir='ltr'><strong>Typhone</strong></span> 
     </span>
     <span class='ocr_line' id='line_1_17' title="bbox 166 2331 1450 2417; baseline -0.001 -21"><span class='ocrx_word' id='word_1_147' title='bbox 166 2339 313 2417; x_wconf 90' lang='lat' dir='ltr'><strong>peremto</strong></span> <span class='ocrx_word' id='word_1_148' title='bbox 330 2332 363 2394; x_wconf 93' lang='lat' dir='ltr'><strong>in</strong></span> <span class='ocrx_word' id='word_1_149' title='bbox 381 2331 553 2396; x_wconf 77' lang='lat' dir='ltr'><strong>Graeciam</strong></span> <span class='ocrx_word' id='word_1_150' title='bbox 571 2332 800 2395; x_wconf 87' lang='lat' dir='ltr'><strong>transferendo</strong></span> <span class='ocrx_word' id='word_1_151' title='bbox 809 2333 830 2410; x_wconf 75' lang='lat'><strong>²,</strong></span> <span class='ocrx_word' id='word_1_152' title='bbox 852 2332 935 2394; x_wconf 91' lang='lat' dir='ltr'><strong>nihil</strong></span> <span class='ocrx_word' id='word_1_153' title='bbox 956 2354 1042 2395; x_wconf 89' lang='lat' dir='ltr'><strong>nunc</strong></span> <span class='ocrx_word' id='word_1_154' title='bbox 1062 2338 1175 2396; x_wconf 89' lang='lat' dir='ltr'><strong>nostra</strong></span> <span class='ocrx_word' id='word_1_155' title='bbox 1194 2332 1349 2410; x_wconf 90' lang='lat' dir='ltr'><strong>interest,</strong></span> <span class='ocrx_word' id='word_1_156' title='bbox 1372 2333 1450 2395; x_wconf 92' lang='lat' dir='ltr'><strong>dum</strong></span> 
     </span>
     <span class='ocr_line' id='line_1_18' title="bbox 166 2451 1449 2535; baseline 0.002 -21"><span class='ocrx_word' id='word_1_157' title='bbox 166 2451 264 2515; x_wconf 90' lang='lat' dir='ltr'><strong>modo</strong></span> <span class='ocrx_word' id='word_1_158' title='bbox 291 2451 506 2529; x_wconf 85' lang='lat' dir='ltr'><strong>concedatur,</strong></span> <span class='ocrx_word' id='word_1_159' title='bbox 534 2474 604 2514; x_wconf 89' lang='lat' dir='ltr'><strong>eam</strong></span> <span class='ocrx_word' id='word_1_160' title='bbox 636 2451 676 2513; x_wconf 91' lang='lat' dir='ltr'><strong>ab</strong></span> <span class='ocrx_word' id='word_1_161' title='bbox 703 2451 916 2515; x_wconf 87' lang='lat' dir='ltr'><strong>Onomacrito</strong></span> <span class='ocrx_word' id='word_1_162' title='bbox 949 2451 1082 2535; x_wconf 88' lang='lat' dir='ltr'><strong>ejusque</strong></span> <span class='ocrx_word' id='word_1_163' title='bbox 1114 2451 1306 2534; x_wconf 85' lang='lat' dir='ltr'><strong>aequalibus</strong></span> <span class='ocrx_word' id='word_1_164' title='bbox 1336 2459 1449 2516; x_wconf 88' lang='lat' dir='ltr'><strong>notam</strong></span> 
     </span>
     <span class='ocr_line' id='line_1_19' title="bbox 166 2570 1450 2654; baseline 0.001 -21"><span class='ocrx_word' id='word_1_165' title='bbox 166 2571 280 2634; x_wconf 86' lang='lat' dir='ltr'><strong>fuisse.</strong></span> <span class='ocrx_word' id='word_1_166' title='bbox 304 2570 433 2634; x_wconf 88' lang='lat' dir='ltr'><strong>Deinde</strong></span> <span class='ocrx_word' id='word_1_167' title='bbox 449 2592 490 2633; x_wconf 91' lang='lat' dir='ltr'><strong>ne</strong></span> <span class='ocrx_word' id='word_1_168' title='bbox 506 2570 539 2633; x_wconf 94' lang='lat' dir='ltr'><strong>id</strong></span> <span class='ocrx_word' id='word_1_169' title='bbox 557 2570 689 2653; x_wconf 92' lang='lat' dir='ltr'><strong>quidem</strong></span> <span class='ocrx_word' id='word_1_170' title='bbox 705 2571 839 2634; x_wconf 91' lang='lat' dir='ltr'><strong>dubium</strong></span> <span class='ocrx_word' id='word_1_171' title='bbox 853 2571 995 2649; x_wconf 90' lang='lat' dir='ltr'><strong>videtur,</strong></span> <span class='ocrx_word' id='word_1_172' title='bbox 1008 2571 1087 2653; x_wconf 89' lang='lat' dir='ltr'><strong>quin</strong></span> <span class='ocrx_word' id='word_1_173' title='bbox 1100 2570 1133 2634; x_wconf 91' lang='lat' dir='ltr'><strong>in</strong></span> <span class='ocrx_word' id='word_1_174' title='bbox 1147 2572 1289 2654; x_wconf 89' lang='lat' dir='ltr'><strong>quodam</strong></span> <span class='ocrx_word' id='word_1_175' title='bbox 1303 2571 1450 2654; x_wconf 87' lang='lat' dir='ltr'><strong>Orphico</strong></span> 
     </span>
     <span class='ocr_line' id='line_1_20' title="bbox 167 2689 1449 2774; baseline 0 -22"><span class='ocrx_word' id='word_1_176' title='bbox 167 2690 289 2774; x_wconf 90' lang='lat' dir='ltr'><strong>scripto</strong></span> <span class='ocrx_word' id='word_1_177' title='bbox 314 2690 374 2753; x_wconf 87' lang='lat' dir='ltr'><strong>illa</strong></span> <span class='ocrx_word' id='word_1_178' title='bbox 397 2689 537 2774; x_wconf 90' lang='lat' dir='ltr'><strong>Dionysi</strong></span> <span class='ocrx_word' id='word_1_179' title='bbox 565 2690 681 2754; x_wconf 89' lang='lat' dir='ltr'><strong>caedes</strong></span> <span class='ocrx_word' id='word_1_180' title='bbox 710 2699 840 2753; x_wconf 87' lang='lat' dir='ltr'><strong>narrata</strong></span> <span class='ocrx_word' id='word_1_181' title='bbox 867 2689 979 2754; x_wconf 85' lang='lat' dir='ltr'><strong>inerit.</strong></span> <span class='ocrx_word' id='word_1_182' title='bbox 1021 2689 1245 2754; x_wconf 79' lang='lat' dir='ltr'><strong>Quaeritur</strong></span> <span class='ocrx_word' id='word_1_183' title='bbox 1271 2697 1449 2768; x_wconf 88' lang='lat' dir='ltr'><strong>tantum,</strong></span> 
     </span>
     <span class='ocr_line' id='line_1_21' title="bbox 166 2809 1451 2893; baseline 0.002 -23"><span class='ocrx_word' id='word_1_184' title='bbox 166 2809 347 2873; x_wconf 83' lang='lat' dir='ltr'><strong>fueritne</strong></span> <span class='ocrx_word' id='word_1_185' title='bbox 364 2811 438 2871; x_wconf 88' lang='lat' dir='ltr'><strong>hoo</strong></span> <span class='ocrx_word' id='word_1_186' title='bbox 455 2809 655 2893; x_wconf 88' lang='lat' dir='ltr'><strong>scriptum</strong></span> <span class='ocrx_word' id='word_1_187' title='bbox 671 2809 908 2892; x_wconf 79' lang='lat' dir='ltr'><strong>Theogonia</strong></span> <span class='ocrx_word' id='word_1_188' title='bbox 927 2816 1069 2872; x_wconf 86' lang='lat' dir='ltr'><strong>nostra</strong></span> <span class='ocrx_word' id='word_1_189' title='bbox 1089 2832 1136 2872; x_wconf 91' lang='lat' dir='ltr'><strong>an</strong></span> <span class='ocrx_word' id='word_1_190' title='bbox 1156 2809 1268 2872; x_wconf 93' lang='lat' dir='ltr'><strong>aliud</strong></span> <span class='ocrx_word' id='word_1_191' title='bbox 1290 2831 1451 2874; x_wconf 86' lang='lat' dir='ltr'><strong>carmen</strong></span> 
     </span>
     <span class='ocr_line' id='line_1_22' title="bbox 167 2927 1449 3012; baseline 0.002 -22"><span class='ocrx_word' id='word_1_192' title='bbox 167 2929 238 2990; x_wconf 91' lang='lat' dir='ltr'><strong>sub</strong></span> <span class='ocrx_word' id='word_1_193' title='bbox 257 2928 410 3012; x_wconf 86' lang='lat' dir='ltr'><strong>Orphei</strong></span> <span class='ocrx_word' id='word_1_194' title='bbox 425 2928 588 2991; x_wconf 90' lang='lat' dir='ltr'><strong>nomine</strong></span> <span class='ocrx_word' id='word_1_195' title='bbox 604 2928 770 2991; x_wconf 89' lang='lat' dir='ltr'><strong>editum.</strong></span> <span class='ocrx_word' id='word_1_196' title='bbox 795 2927 1029 2991; x_wconf 84' lang='lat' dir='ltr'><strong>Lobeckius</strong></span> <span class='ocrx_word' id='word_1_197' title='bbox 1045 2929 1129 2991; x_wconf 91' lang='lat' dir='ltr'><strong>illud</strong></span> <span class='ocrx_word' id='word_1_198' title='bbox 1145 2928 1289 2992; x_wconf 88' lang='lat' dir='ltr'><strong>affirmat</strong></span> <span class='ocrx_word' id='word_1_199' title='bbox 1305 2928 1449 2992; x_wconf 81' lang='lat' dir='ltr'><strong>haesere</strong></span> 
     </span>
    </p>
   </div>
   <div class='ocr_carea' id='block_1_5' title="bbox 163 3098 1451 4452">
    <p class='ocr_par' dir='ltr' id='par_1_5' title="bbox 235 3098 676 3166">
     <span class='ocr_line' id='line_1_23' title="bbox 235 3098 676 3166; baseline -0.002 -16"><span class='ocrx_word' id='word_1_200' title='bbox 235 3098 295 3150; x_wconf 88' lang='lat'><strong>¹0.</strong></span> <span class='ocrx_word' id='word_1_201' title='bbox 314 3101 471 3161; x_wconf 86' lang='lat' dir='ltr'><strong>Mueller,</strong></span> <span class='ocrx_word' id='word_1_202' title='bbox 490 3102 509 3151; x_wconf 83' lang='lat' dir='ltr'><strong>l.</strong></span> <span class='ocrx_word' id='word_1_203' title='bbox 529 3120 551 3150; x_wconf 91' lang='lat' dir='ltr'><strong>c.</strong></span> <span class='ocrx_word' id='word_1_204' title='bbox 567 3120 597 3166; x_wconf 83' lang='lat' dir='ltr'><strong>p.</strong></span> <span class='ocrx_word' id='word_1_205' title='bbox 617 3106 676 3150; x_wconf 87' lang='grc'><strong>393.</strong></span> 
     </span>
    </p>

    <p class='ocr_par' dir='ltr' id='par_1_6' title="bbox 163 3183 1451 4452">
     <span class='ocr_line' id='line_1_24' title="bbox 234 3183 1450 3253; baseline 0.002 -18"><span class='ocrx_word' id='word_1_206' title='bbox 234 3183 302 3236; x_wconf 70' lang='lat' dir='ltr'><strong>²Ita</strong></span> <span class='ocrx_word' id='word_1_207' title='bbox 319 3187 502 3236; x_wconf 86' lang='lat' dir='ltr'><strong>Lobeckius</strong></span> <span class='ocrx_word' id='word_1_208' title='bbox 520 3187 547 3235; x_wconf 89' lang='lat' dir='ltr'><strong>in</strong></span> <span class='ocrx_word' id='word_1_209' title='bbox 566 3187 745 3235; x_wconf 84' lang='lat' dir='ltr'><strong>dissertatione</strong></span> <span class='ocrx_word' id='word_1_210' title='bbox 763 3187 794 3235; x_wconf 90' lang='lat' dir='ltr'><strong>de</strong></span> <span class='ocrx_word' id='word_1_211' title='bbox 812 3193 894 3234; x_wconf 89' lang='lat' dir='ltr'><strong>morte</strong></span> <span class='ocrx_word' id='word_1_212' title='bbox 912 3186 1010 3234; x_wconf 88' lang='lat' dir='ltr'><strong>Bacchi</strong></span> <span class='ocrx_word' id='word_1_213' title='bbox 1029 3195 1054 3236; x_wconf 88' lang='lat' dir='ltr'><strong>ct</strong></span> <span class='ocrx_word' id='word_1_214' title='bbox 1071 3188 1097 3236; x_wconf 91' lang='lat' dir='ltr'><strong>in</strong></span> <span class='ocrx_word' id='word_1_215' title='bbox 1116 3189 1179 3253; x_wconf 69' lang='lat' dir='ltr'><strong>Api.</strong></span> <span class='ocrx_word' id='word_1_216' title='bbox 1194 3207 1224 3253; x_wconf 82' lang='lat' dir='ltr'><strong>p.</strong></span> <span class='ocrx_word' id='word_1_217' title='bbox 1240 3193 1386 3250; x_wconf 76' lang='lat' dir='ltr'><strong>alt-699,</strong></span> <span class='ocrx_word' id='word_1_218' title='bbox 1405 3189 1450 3237; x_wconf 90' lang='lat' dir='ltr'><strong>ubi</strong></span> 
     </span>
     <span class='ocr_line' id='line_1_25' title="bbox 166 3260 1450 3336; baseline 0.002 -15"><span class='ocrx_word' id='word_1_219' title='bbox 166 3280 254 3321; x_wconf 85' lang='lat' dir='ltr'><strong>contra</strong></span> <span class='ocrx_word' id='word_1_220' title='bbox 273 3260 305 3321; x_wconf 77' lang='lat'><strong>0&#39;.</strong></span> <span class='ocrx_word' id='word_1_221' title='bbox 324 3273 519 3322; x_wconf 88' lang='lat' dir='ltr'><strong>Muellerum</strong></span> <span class='ocrx_word' id='word_1_222' title='bbox 538 3287 611 3321; x_wconf 90' lang='lat' dir='ltr'><strong>suam</strong></span> <span class='ocrx_word' id='word_1_223' title='bbox 630 3271 743 3320; x_wconf 86' lang='lat' dir='ltr'><strong>defendit</strong></span> <span class='ocrx_word' id='word_1_224' title='bbox 760 3271 912 3319; x_wconf 73' lang='lat' dir='ltr'><strong>contendam</strong></span> <span class='ocrx_word' id='word_1_225' title='bbox 931 3270 975 3319; x_wconf 91' lang='lat' dir='ltr'><strong>illo</strong></span> <span class='ocrx_word' id='word_1_226' title='bbox 993 3271 1080 3321; x_wconf 91' lang='lat' dir='ltr'><strong>libello</strong></span> <span class='ocrx_word' id='word_1_227' title='bbox 1098 3275 1232 3336; x_wconf 82' lang='lat' dir='ltr'><strong>prolatam.</strong></span> <span class='ocrx_word' id='word_1_228' title='bbox 1270 3275 1347 3323; x_wconf 80' lang='lat' dir='ltr'><strong>Putat</strong></span> <span class='ocrx_word' id='word_1_229' title='bbox 1364 3282 1450 3324; x_wconf 85' lang='lat' dir='ltr'><strong>autem</strong></span> 
     </span>
     <span class='ocr_line' id='line_1_26' title="bbox 166 3347 1451 3424; baseline -0.002 -13"><span class='ocrx_word' id='word_1_230' title='bbox 166 3361 359 3412; x_wconf 89' lang='lat' dir='ltr'><strong>Onomacritum</strong></span> <span class='ocrx_word' id='word_1_231' title='bbox 380 3363 492 3412; x_wconf 88' lang='lat' dir='ltr'><strong>Osiridis</strong></span> <span class='ocrx_word' id='word_1_232' title='bbox 516 3362 629 3410; x_wconf 85' lang='lat' dir='ltr'><strong>fabulam</strong></span> <span class='ocrx_word' id='word_1_233' title='bbox 653 3363 690 3410; x_wconf 88' lang='lat' dir='ltr'><strong>ita</strong></span> <span class='ocrx_word' id='word_1_234' title='bbox 708 3359 822 3409; x_wconf 83' lang='lat' dir='ltr'><strong>Graecae</strong></span> <span class='ocrx_word' id='word_1_235' title='bbox 844 3359 1016 3424; x_wconf 85' lang='lat' dir='ltr'><strong>mythologiae</strong></span> <span class='ocrx_word' id='word_1_236' title='bbox 1040 3347 1184 3421; x_wconf 86' lang='lat' dir='ltr'><strong>adaptasse,</strong></span> <span class='ocrx_word' id='word_1_237' title='bbox 1209 3368 1237 3407; x_wconf 92' lang='lat' dir='ltr'><strong>ut</strong></span> <span class='ocrx_word' id='word_1_238' title='bbox 1260 3373 1306 3422; x_wconf 91' lang='lat' dir='ltr'><strong>pro</strong></span> <span class='ocrx_word' id='word_1_239' title='bbox 1324 3358 1451 3422; x_wconf 89' lang='lat' dir='ltr'><strong>Typhone</strong></span> 
     </span>
     <span class='ocr_line' id='line_1_27' title="bbox 164 3443 1450 3510; baseline -0.002 -14"><span class='ocrx_word' id='word_1_240' title='bbox 164 3449 248 3498; x_wconf 90' lang='lat' dir='ltr'><strong>minus</strong></span> <span class='ocrx_word' id='word_1_241' title='bbox 277 3456 339 3497; x_wconf 90' lang='lat' dir='ltr'><strong>noto</strong></span> <span class='ocrx_word' id='word_1_242' title='bbox 367 3447 472 3497; x_wconf 89' lang='lat' dir='ltr'><strong>Titanes</strong></span> <span class='ocrx_word' id='word_1_243' title='bbox 498 3447 609 3510; x_wconf 88' lang='lat' dir='ltr'><strong>Dionysi</strong></span> <span class='ocrx_word' id='word_1_244' title='bbox 640 3447 767 3495; x_wconf 86' lang='lat' dir='ltr'><strong>occisores</strong></span> <span class='ocrx_word' id='word_1_245' title='bbox 797 3445 907 3494; x_wconf 84' lang='lat' dir='ltr'><strong>finxerit.</strong></span> <span class='ocrx_word' id='word_1_246' title='bbox 953 3443 1034 3508; x_wconf 82' lang='lat' dir='ltr'><strong>Cujus</strong></span> <span class='ocrx_word' id='word_1_247' title='bbox 1063 3446 1100 3494; x_wconf 91' lang='lat' dir='ltr'><strong>rei</strong></span> <span class='ocrx_word' id='word_1_248' title='bbox 1129 3459 1219 3494; x_wconf 85' lang='lat' dir='ltr'><strong>ansam</strong></span> <span class='ocrx_word' id='word_1_249' title='bbox 1246 3444 1269 3494; x_wconf 89' lang='lat' dir='ltr'><strong>ei</strong></span> <span class='ocrx_word' id='word_1_250' title='bbox 1298 3444 1450 3507; x_wconf 88' lang='lat' dir='ltr'><strong>praebuisse</strong></span> 
     </span>
     <span class='ocr_line' id='line_1_28' title="bbox 164 3530 1451 3595; baseline -0.003 -13"><span class='ocrx_word' id='word_1_251' title='bbox 164 3533 293 3582; x_wconf 85' lang='lat' dir='ltr'><strong>Bacchica</strong></span> <span class='ocrx_word' id='word_1_252' title='bbox 311 3549 384 3582; x_wconf 89' lang='lat' dir='ltr'><strong>saera</strong></span> <span class='ocrx_word' id='word_1_253' title='bbox 403 3547 474 3594; x_wconf 90' lang='lat' dir='ltr'><strong>„uno</strong></span> <span class='ocrx_word' id='word_1_254' title='bbox 492 3533 601 3581; x_wconf 88' lang='lat' dir='ltr'><strong>fortasse</strong></span> <span class='ocrx_word' id='word_1_255' title='bbox 620 3540 645 3580; x_wconf 91' lang='lat' dir='ltr'><strong>et</strong></span> <span class='ocrx_word' id='word_1_256' title='bbox 663 3532 742 3580; x_wconf 89' lang='lat' dir='ltr'><strong>altero</strong></span> <span class='ocrx_word' id='word_1_257' title='bbox 760 3539 820 3595; x_wconf 84' lang='lat' dir='ltr'><strong>post</strong></span> <span class='ocrx_word' id='word_1_258' title='bbox 837 3531 977 3580; x_wconf 88' lang='lat' dir='ltr'><strong>Homerum</strong></span> <span class='ocrx_word' id='word_1_259' title='bbox 998 3532 1102 3581; x_wconf 87' lang='lat' dir='ltr'><strong>saeculo</strong></span> <span class='ocrx_word' id='word_1_260' title='bbox 1120 3532 1146 3579; x_wconf 89' lang='lat' dir='ltr'><strong>in</strong></span> <span class='ocrx_word' id='word_1_261' title='bbox 1166 3530 1301 3581; x_wconf 83' lang='lat' dir='ltr'><strong>Graeciam</strong></span> <span class='ocrx_word' id='word_1_262' title='bbox 1320 3530 1451 3579; x_wconf 89' lang='lat' dir='ltr'><strong>transfusa</strong></span> 
     </span>
     <span class='ocr_line' id='line_1_29' title="bbox 165 3614 1450 3683; baseline -0.005 -12"><span class='ocrx_word' id='word_1_263' title='bbox 165 3630 190 3671; x_wconf 92' lang='lat' dir='ltr'><strong>et</strong></span> <span class='ocrx_word' id='word_1_264' title='bbox 208 3637 239 3671; x_wconf 90' lang='lat' dir='ltr'><strong>ea</strong></span> <span class='ocrx_word' id='word_1_265' title='bbox 257 3630 324 3671; x_wconf 88' lang='lat' dir='ltr'><strong>certe</strong></span> <span class='ocrx_word' id='word_1_266' title='bbox 347 3629 439 3682; x_wconf 85' lang='lat' dir='ltr'><strong>aetate,</strong></span> <span class='ocrx_word' id='word_1_267' title='bbox 464 3636 515 3683; x_wconf 90' lang='lat' dir='ltr'><strong>qua</strong></span> <span class='ocrx_word' id='word_1_268' title='bbox 533 3618 714 3668; x_wconf 89' lang='lat' dir='ltr'><strong>Onomacritus</strong></span> <span class='ocrx_word' id='word_1_269' title='bbox 738 3619 837 3679; x_wconf 88' lang='lat' dir='ltr'><strong>vixerit,</strong></span> <span class='ocrx_word' id='word_1_270' title='bbox 861 3620 979 3669; x_wconf 90' lang='lat' dir='ltr'><strong>omnibus</strong></span> <span class='ocrx_word' id='word_1_271' title='bbox 997 3624 1066 3668; x_wconf 81' lang='lat' dir='ltr'><strong>nota.</strong></span> <span class='ocrx_word' id='word_1_272' title='bbox 1105 3614 1178 3676; x_wconf 85' lang='lat' dir='ltr'><strong>Quae</strong></span> <span class='ocrx_word' id='word_1_273' title='bbox 1196 3631 1254 3664; x_wconf 91' lang='lat' dir='ltr'><strong>cum</strong></span> <span class='ocrx_word' id='word_1_274' title='bbox 1272 3615 1382 3665; x_wconf 88' lang='lat' dir='ltr'><strong>barbaro</strong></span> <span class='ocrx_word' id='word_1_275' title='bbox 1400 3616 1450 3664; x_wconf 90' lang='lat' dir='ltr'><strong>ritu</strong></span> 
     </span>
     <span class='ocr_line' id='line_1_30' title="bbox 164 3702 1449 3767; baseline -0.004 -12"><span class='ocrx_word' id='word_1_276' title='bbox 164 3707 189 3755; x_wconf 85' lang='lat' dir='ltr'><strong>h.</strong></span> <span class='ocrx_word' id='word_1_277' title='bbox 210 3722 233 3755; x_wconf 93' lang='lat' dir='ltr'><strong>e.</strong></span> <span class='ocrx_word' id='word_1_278' title='bbox 258 3721 315 3756; x_wconf 89' lang='lat' dir='ltr'><strong>cum</strong></span> <span class='ocrx_word' id='word_1_279' title='bbox 340 3708 431 3756; x_wconf 87' lang='lat' dir='ltr'><strong>insana</strong></span> <span class='ocrx_word' id='word_1_280' title='bbox 455 3705 569 3754; x_wconf 89' lang='lat' dir='ltr'><strong>omnium</strong></span> <span class='ocrx_word' id='word_1_281' title='bbox 595 3704 766 3753; x_wconf 89' lang='lat' dir='ltr'><strong>membrorum</strong></span> <span class='ocrx_word' id='word_1_282' title='bbox 793 3704 947 3764; x_wconf 87' lang='lat' dir='ltr'><strong>iactatione,</strong></span> <span class='ocrx_word' id='word_1_283' title='bbox 975 3704 1119 3767; x_wconf 88' lang='lat' dir='ltr'><strong>thyrsorum</strong></span> <span class='ocrx_word' id='word_1_284' title='bbox 1145 3702 1314 3750; x_wconf 84' lang='lat' dir='ltr'><strong>intentatione</strong></span> <span class='ocrx_word' id='word_1_285' title='bbox 1338 3715 1449 3763; x_wconf 88' lang='lat' dir='ltr'><strong>cumque</strong></span> 
     </span>
     <span class='ocr_line' id='line_1_31' title="bbox 164 3785 1449 3855; baseline -0.004 -15"><span class='ocrx_word' id='word_1_286' title='bbox 164 3791 275 3841; x_wconf 88' lang='lat' dir='ltr'><strong>elamore</strong></span> <span class='ocrx_word' id='word_1_287' title='bbox 293 3792 390 3855; x_wconf 85' lang='lat' dir='ltr'><strong>ingenti</strong></span> <span class='ocrx_word' id='word_1_288' title='bbox 408 3806 438 3840; x_wconf 88' lang='lat' dir='ltr'><strong>ac</strong></span> <span class='ocrx_word' id='word_1_289' title='bbox 457 3805 522 3853; x_wconf 85' lang='lat' dir='ltr'><strong>vago</strong></span> <span class='ocrx_word' id='word_1_290' title='bbox 541 3789 658 3838; x_wconf 87' lang='lat' dir='ltr'><strong>discursu</strong></span> <span class='ocrx_word' id='word_1_291' title='bbox 677 3788 805 3838; x_wconf 87' lang='lat' dir='ltr'><strong>celebrata</strong></span> <span class='ocrx_word' id='word_1_292' title='bbox 823 3789 882 3849; x_wconf 86' lang='lat' dir='ltr'><strong>sint,</strong></span> <span class='ocrx_word' id='word_1_293' title='bbox 907 3790 1047 3852; x_wconf 86' lang='lat' dir='ltr'><strong>imaginem</strong></span> <span class='ocrx_word' id='word_1_294' title='bbox 1068 3788 1169 3836; x_wconf 89' lang='lat' dir='ltr'><strong>hostilis</strong></span> <span class='ocrx_word' id='word_1_295' title='bbox 1188 3787 1299 3850; x_wconf 87' lang='lat' dir='ltr'><strong>impetus</strong></span> <span class='ocrx_word' id='word_1_296' title='bbox 1317 3785 1449 3848; x_wconf 87' lang='lat' dir='ltr'><strong>cladisque</strong></span> 
     </span>
     <span class='ocr_line' id='line_1_32' title="bbox 164 3871 1450 3940; baseline -0.005 -14"><span class='ocrx_word' id='word_1_297' title='bbox 164 3877 257 3926; x_wconf 89' lang='lat' dir='ltr'><strong>atrocis</strong></span> <span class='ocrx_word' id='word_1_298' title='bbox 275 3877 424 3940; x_wconf 82' lang='lat' dir='ltr'><strong>praebuisse</strong></span> <span class='ocrx_word' id='word_1_299' title='bbox 443 3882 469 3924; x_wconf 88' lang='lat' dir='ltr'><strong>et</strong></span> <span class='ocrx_word' id='word_1_300' title='bbox 485 3889 531 3937; x_wconf 88' lang='lat' dir='ltr'><strong>pro</strong></span> <span class='ocrx_word' id='word_1_301' title='bbox 556 3875 721 3923; x_wconf 90' lang='lat' dir='ltr'><strong>imitamentis</strong></span> <span class='ocrx_word' id='word_1_302' title='bbox 740 3888 836 3935; x_wconf 88' lang='lat' dir='ltr'><strong>eorum,</strong></span> <span class='ocrx_word' id='word_1_303' title='bbox 863 3889 929 3937; x_wconf 89' lang='lat' dir='ltr'><strong>quae</strong></span> <span class='ocrx_word' id='word_1_304' title='bbox 953 3875 1001 3923; x_wconf 90' lang='lat' dir='ltr'><strong>deo</strong></span> <span class='ocrx_word' id='word_1_305' title='bbox 1020 3874 1069 3936; x_wconf 91' lang='lat' dir='ltr'><strong>ipsi</strong></span> <span class='ocrx_word' id='word_1_306' title='bbox 1093 3873 1186 3921; x_wconf 91' lang='lat' dir='ltr'><strong>horum</strong></span> <span class='ocrx_word' id='word_1_307' title='bbox 1206 3871 1358 3920; x_wconf 89' lang='lat' dir='ltr'><strong>solemnium</strong></span> <span class='ocrx_word' id='word_1_308' title='bbox 1375 3885 1450 3935; x_wconf 88' lang='lat' dir='ltr'><strong>prae·</strong></span> 
     </span>
     <span class='ocr_line' id='line_1_33' title="bbox 164 3956 1448 4023; baseline -0.004 -13"><span class='ocrx_word' id='word_1_309' title='bbox 164 3963 213 4011; x_wconf 90' lang='lat' dir='ltr'><strong>sidi</strong></span> <span class='ocrx_word' id='word_1_310' title='bbox 232 3962 300 4010; x_wconf 86' lang='lat' dir='ltr'><strong>faeta</strong></span> <span class='ocrx_word' id='word_1_311' title='bbox 318 3961 377 4021; x_wconf 89' lang='lat' dir='ltr'><strong>sint,</strong></span> <span class='ocrx_word' id='word_1_312' title='bbox 396 3960 484 4009; x_wconf 90' lang='lat' dir='ltr'><strong>haberi</strong></span> <span class='ocrx_word' id='word_1_313' title='bbox 503 3960 648 4023; x_wconf 88' lang='lat' dir='ltr'><strong>potuisse“,</strong></span> <span class='ocrx_word' id='word_1_314' title='bbox 668 3960 783 4021; x_wconf 89' lang='lat' dir='ltr'><strong>quamvis</strong></span> <span class='ocrx_word' id='word_1_315' title='bbox 802 3959 846 4008; x_wconf 88' lang='lat' dir='ltr'><strong>illa</strong></span> <span class='ocrx_word' id='word_1_316' title='bbox 861 3960 973 4023; x_wconf 91' lang='lat' dir='ltr'><strong>tripudia</strong></span> <span class='ocrx_word' id='word_1_317' title='bbox 990 3959 1123 4008; x_wconf 90' lang='lat' dir='ltr'><strong>hominum</strong></span> <span class='ocrx_word' id='word_1_318' title='bbox 1135 3973 1151 4005; x_wconf 89' lang='lat' dir='ltr'><strong>a</strong></span> <span class='ocrx_word' id='word_1_319' title='bbox 1163 3956 1320 4020; x_wconf 89' lang='lat' dir='ltr'><strong>quotidianis</strong></span> <span class='ocrx_word' id='word_1_320' title='bbox 1338 3956 1448 4018; x_wconf 85' lang='lat' dir='ltr'><strong>negotiis</strong></span> 
     </span>
     <span class='ocr_line' id='line_1_34' title="bbox 163 4041 1449 4107; baseline -0.004 -12"><span class='ocrx_word' id='word_1_321' title='bbox 163 4047 311 4097; x_wconf 85' lang='lat' dir='ltr'><strong>feriatorum</strong></span> <span class='ocrx_word' id='word_1_322' title='bbox 335 4060 388 4094; x_wconf 90' lang='lat' dir='ltr'><strong>non</strong></span> <span class='ocrx_word' id='word_1_323' title='bbox 409 4059 425 4094; x_wconf 87' lang='lat' dir='ltr'><strong>a</strong></span> <span class='ocrx_word' id='word_1_324' title='bbox 447 4045 571 4093; x_wconf 90' lang='lat' dir='ltr'><strong>memoria</strong></span> <span class='ocrx_word' id='word_1_325' title='bbox 592 4059 676 4093; x_wconf 89' lang='lat' dir='ltr'><strong>rerum</strong></span> <span class='ocrx_word' id='word_1_326' title='bbox 700 4044 782 4093; x_wconf 88' lang='lat' dir='ltr'><strong>adiis</strong></span> <span class='ocrx_word' id='word_1_327' title='bbox 807 4044 949 4107; x_wconf 86' lang='lat' dir='ltr'><strong>antiquitus</strong></span> <span class='ocrx_word' id='word_1_328' title='bbox 972 4051 1102 4107; x_wconf 85' lang='lat' dir='ltr'><strong>gestarum</strong></span> <span class='ocrx_word' id='word_1_329' title='bbox 1125 4042 1242 4107; x_wconf 86' lang='lat' dir='ltr'><strong>profecta</strong></span> <span class='ocrx_word' id='word_1_330' title='bbox 1264 4042 1323 4101; x_wconf 84' lang='lat' dir='ltr'><strong>sint,</strong></span> <span class='ocrx_word' id='word_1_331' title='bbox 1348 4041 1392 4090; x_wconf 88' lang='lat' dir='ltr'><strong>sed</strong></span> <span class='ocrx_word' id='word_1_332' title='bbox 1417 4041 1449 4090; x_wconf 88' lang='lat' dir='ltr'><strong>ab</strong></span> 
     </span>
     <span class='ocr_line' id='line_1_35' title="bbox 163 4127 1449 4193; baseline -0.004 -13"><span class='ocrx_word' id='word_1_333' title='bbox 163 4133 290 4182; x_wconf 87' lang='lat' dir='ltr'><strong>humanae</strong></span> <span class='ocrx_word' id='word_1_334' title='bbox 314 4132 381 4180; x_wconf 87' lang='lat' dir='ltr'><strong>vitae</strong></span> <span class='ocrx_word' id='word_1_335' title='bbox 400 4131 498 4180; x_wconf 87' lang='lat' dir='ltr'><strong>actibus</strong></span> <span class='ocrx_word' id='word_1_336' title='bbox 520 4130 685 4193; x_wconf 88' lang='lat' dir='ltr'><strong>moribusque</strong></span> <span class='ocrx_word' id='word_1_337' title='bbox 704 4131 820 4179; x_wconf 89' lang='lat' dir='ltr'><strong>canendo</strong></span> <span class='ocrx_word' id='word_1_338' title='bbox 844 4130 1012 4191; x_wconf 85' lang='lat' dir='ltr'><strong>saltandoque</strong></span> <span class='ocrx_word' id='word_1_339' title='bbox 1035 4128 1176 4189; x_wconf 87' lang='lat' dir='ltr'><strong>imitandis,</strong></span> <span class='ocrx_word' id='word_1_340' title='bbox 1202 4128 1366 4191; x_wconf 85' lang='lat' dir='ltr'><strong>deplorandis</strong></span> <span class='ocrx_word' id='word_1_341' title='bbox 1384 4127 1449 4175; x_wconf 90' lang='lat' dir='ltr'><strong>ludi-</strong></span> 
     </span>
     <span class='ocr_line' id='line_1_36' title="bbox 164 4212 1449 4280; baseline -0.005 -14"><span class='ocrx_word' id='word_1_342' title='bbox 164 4217 329 4280; x_wconf 84' lang='lat' dir='ltr'><strong>licandisque.</strong></span> <span class='ocrx_word' id='word_1_343' title='bbox 352 4244 380 4252; x_wconf 94' lang='lat'>—</span> <span class='ocrx_word' id='word_1_344' title='bbox 400 4216 474 4264; x_wconf 87' lang='lat' dir='ltr'><strong>Unde</strong></span> <span class='ocrx_word' id='word_1_345' title='bbox 493 4213 675 4264; x_wconf 88' lang='lat' dir='ltr'><strong>Onomacritus</strong></span> <span class='ocrx_word' id='word_1_346' title='bbox 699 4215 812 4264; x_wconf 84' lang='lat' dir='ltr'><strong>fabulam</strong></span> <span class='ocrx_word' id='word_1_347' title='bbox 830 4215 1015 4277; x_wconf 82' lang='lat' dir='ltr'><strong>Aegyptiacam</strong></span> <span class='ocrx_word' id='word_1_348' title='bbox 1034 4214 1191 4277; x_wconf 80' lang='lat' dir='ltr'><strong>cognoverit,</strong></span> <span class='ocrx_word' id='word_1_349' title='bbox 1214 4212 1404 4261; x_wconf 89' lang='lat' dir='ltr'><strong>Lobeckius</strong></span> <span class='ocrx_word' id='word_1_350' title='bbox 1422 4212 1449 4259; x_wconf 90' lang='lat' dir='ltr'><strong>in</strong></span> 
     </span>
     <span class='ocr_line' id='line_1_37' title="bbox 164 4297 1449 4367; baseline -0.006 -15"><span class='ocrx_word' id='word_1_351' title='bbox 164 4304 248 4352; x_wconf 89' lang='lat' dir='ltr'><strong>medio</strong></span> <span class='ocrx_word' id='word_1_352' title='bbox 273 4303 394 4365; x_wconf 89' lang='lat' dir='ltr'><strong>relinquit</strong></span> <span class='ocrx_word' id='word_1_353' title='bbox 415 4302 478 4367; x_wconf 79' lang='lat' dir='ltr'><strong>Ayl.</strong></span> <span class='ocrx_word' id='word_1_354' title='bbox 494 4319 524 4366; x_wconf 81' lang='lat' dir='ltr'><strong>p.</strong></span> <span class='ocrx_word' id='word_1_355' title='bbox 545 4306 593 4350; x_wconf 86' lang='grc'><strong>693</strong></span> <span class='ocrx_word' id='word_1_356' title='bbox 612 4302 646 4352; x_wconf 84' lang='grc' dir='ltr'><strong>Ν.</strong></span> <span class='ocrx_word' id='word_1_357' title='bbox 661 4320 691 4352; x_wconf 83' lang='lat' dir='ltr'><strong>a:</strong></span> <span class='ocrx_word' id='word_1_358' title='bbox 719 4301 807 4362; x_wconf 85' lang='lat' dir='ltr'><strong>„Fieri</strong></span> <span class='ocrx_word' id='word_1_359' title='bbox 831 4308 916 4363; x_wconf 93' lang='lat' dir='ltr'><strong>potest</strong></span> <span class='ocrx_word' id='word_1_360' title='bbox 939 4307 968 4348; x_wconf 91' lang='lat' dir='ltr'><strong>ut</strong></span> <span class='ocrx_word' id='word_1_361' title='bbox 990 4299 1122 4362; x_wconf 83' lang='lat' dir='ltr'><strong>theologia</strong></span> <span class='ocrx_word' id='word_1_362' title='bbox 1143 4298 1254 4349; x_wconf 85' lang='lat' dir='ltr'><strong>Thracia</strong></span> <span class='ocrx_word' id='word_1_363' title='bbox 1275 4305 1321 4348; x_wconf 88' lang='lat' dir='ltr'><strong>aut</strong></span> <span class='ocrx_word' id='word_1_364' title='bbox 1337 4297 1449 4362; x_wconf 86' lang='lat' dir='ltr'><strong>Phrygia</strong></span> 
     </span>
     <span class='ocr_line' id='line_1_38' title="bbox 164 4384 1214 4452; baseline -0.005 -15"><span class='ocrx_word' id='word_1_365' title='bbox 164 4389 188 4438; x_wconf 91' lang='lat' dir='ltr'><strong>ei</strong></span> <span class='ocrx_word' id='word_1_366' title='bbox 206 4389 353 4452; x_wconf 86' lang='lat' dir='ltr'><strong>exemplum</strong></span> <span class='ocrx_word' id='word_1_367' title='bbox 370 4388 524 4452; x_wconf 85' lang='lat' dir='ltr'><strong>praebuerit,</strong></span> <span class='ocrx_word' id='word_1_368' title='bbox 544 4388 588 4436; x_wconf 91' lang='lat' dir='ltr'><strong>sed</strong></span> <span class='ocrx_word' id='word_1_369' title='bbox 607 4388 664 4450; x_wconf 92' lang='lat' dir='ltr'><strong>quis</strong></span> <span class='ocrx_word' id='word_1_370' title='bbox 683 4387 782 4436; x_wconf 87' lang='lat' dir='ltr'><strong>abditos</strong></span> <span class='ocrx_word' id='word_1_371' title='bbox 800 4386 884 4434; x_wconf 88' lang='lat' dir='ltr'><strong>fontes</strong></span> <span class='ocrx_word' id='word_1_372' title='bbox 903 4384 1051 4447; x_wconf 86' lang='lat' dir='ltr'><strong>conjectura</strong></span> <span class='ocrx_word' id='word_1_373' title='bbox 1069 4384 1214 4447; x_wconf 79' lang='lat' dir='ltr'><strong>quaerat?“</strong></span> 
     </span>
    </p>
   </div>
   <div class='ocr_carea' id='block_1_6' title="bbox 0 0 1524 4988">
    <p class='ocr_par' dir='ltr' id='par_1_7' title="bbox 0 0 1524 4988">
     <span class='ocr_line' id='line_1_39' title="bbox 0 0 1524 4988; baseline 0 0"><span class='ocrx_word' id='word_1_374' title='bbox 0 0 1524 4988; x_wconf 95' lang='lat' dir='ltr'><strong> </strong></span> 
     </span>
    </p>
   </div>
  </div>
 </body>
</html>
