3038 4988
758 229 798 290 88

139 430 274 493 aethera
297 428 349 492 vel
372 428 531 525 mundum
554 450 625 492 esse
649 429 813 493 dixerunt.
853 430 908 493 Ad
930 431 1115 514 cujusmodi
1139 431 1228 496 dicta
1252 433 1423 516 probanda

138 547 202 609 iam
225 546 430 630 Chrysippus
450 595 473 626 „
482 548 623 631 Orphei,
647 549 792 629 Musaei,
816 549 954 612 Hesiodi
977 550 1177 634 Homerique
1202 552 1344 617 fabellas
1367 575 1422 616 ac-

139 667 311 729 comodare
333 665 469 729 voluit“
476 668 485 700 ¹
509 666 551 730 ad
572 689 624 745 ea,
647 690 729 750 quae
751 675 847 732 antea
869 669 909 732 de
930 669 993 732 diis
1013 669 1255 734 immortalibus
1278 671 1420 735 dixerat.

139 785 213 847 Cua
228 784 262 847 in
277 808 311 848 re
328 807 400 847 eum
417 785 584 869 Diogenes
600 787 804 872 Babylonius
823 788 944 871 aliique
965 788 1071 851 secuti
1090 797 1179 852 sunt.
1213 790 1294 853 Cum
1317 790 1424 873 igitur

138 903 204 966 iam
221 925 261 966 ex
277 903 327 967 his
345 904 511 968 Ciceronis
527 906 636 971 verbis
652 914 818 991 appareat,
835 908 1056 992 Chrysippum
1073 929 1113 970 ex
1129 909 1254 1009 Orphei
1270 909 1422 972 carmini·

138 1023 199 1086 bus
216 1022 356 1106 plurima
372 1024 623 1108 deprompsisse,
638 1048 719 1108 quae
735 1027 768 1090 in
784 1049 853 1090 rem
869 1048 961 1089 suam
978 1036 1100 1104 essent,
1116 1027 1193 1110 quid
1209 1034 1307 1110 putas
1321 1052 1423 1111 quarn

109 1162 112 1166 ·
137 1141 280 1206 libenter
300 1142 395 1205 illum
417 1145 575 1226 hymnum
594 1144 627 1207 in
643 1147 777 1209 Jovem²
797 1146 832 1209 in
853 1154 963 1210 vetere
985 1145 1129 1228 Orphica
1150 1147 1342 1230 Theogonia
1363 1170 1422 1210 ex-

138 1267 281 1324 stantem
297 1261 433 1345 legerit,
455 1263 681 1347 exscripserit,
704 1264 923 1330 sectatoribus
940 1265 1006 1327 suis
1024 1266 1304 1329 commendaverit
1320 1267 1422 1330 etin·

138 1381 354 1444 culoaveritl³
379 1382 495 1465 Neque
512 1382 638 1461 mirum,
655 1384 681 1447 si
697 1391 773 1469 post
787 1385 1002 1447 Cleanthem⁴
1017 1383 1073 1447 alii
1086 1385 1286 1449 exstiterunt
1300 1386 1421 1464 Stoici,

138 1499 192 1583 qui
209 1522 274 1562 non
289 1499 352 1581 ipsi
368 1501 499 1583 quidem
516 1504 655 1585 hymnos
671 1502 705 1565 in
718 1505 833 1567 Jovem
853 1510 1098 1586 componerent,
1119 1504 1177 1567 sed
1196 1504 1322 1586 Orphei
1338 1528 1421 1588 pau-

140 1619 234 1681 xillas
251 1625 285 1682 et
294 1619 440 1682 modicas
455 1621 570 1683 laudes
581 1629 741 1704 augerent
751 1629 785 1685 et
795 1622 969 1686 sententiis
984 1622 1051 1685 suis
1066 1621 1296 1705 pantheisticis
1311 1624 1422 1706 magis

137 1738 307 1821 magisque
323 1737 524 1802 refercirent.
558 1741 675 1823 Itaque
692 1764 821 1819 versus,
845 1765 926 1824 quos
943 1748 1058 1805 auctor
1073 1741 1150 1805 libri
1171 1742 1355 1806 deMundo
1380 1766 1422 1806 ex

137 1857 302 1921 Hellanici
317 1857 509 1941 Theogonia
531 1860 708 1942 sumpsisse
732 1860 891 1938 videtur⁶,
916 1861 1127 1924 Hellanicum
1144 1861 1292 1925 Stoicum
1315 1861 1421 1926 fuisse

137 2000 204 2040 non
219 1977 285 2040 levi
301 1984 378 2040 sunt
394 1977 603 2058 documento.
638 1979 778 2042 Accedit
797 1980 885 2062 quod
901 1979 1004 2043 Stoici
1025 2002 1065 2043 ex
1087 1979 1324 2043 consuetudine
1346 2004 1419 2059 sua,

138 2120 201 2180 qua
217 2097 325 2160 omnia
340 2097 381 2160 ad
398 2096 462 2160 duo
478 2097 637 2181 principia
654 2108 684 2168 τὸ
703 2110 793 2168 ποιοῦν
812 2106 845 2162 et
864 2108 895 2167 τὸ
914 2104 1022 2189 πάσχον
1040 2101 1257 2178 revocabant,
1281 2121 1336 2163 eas
1357 2099 1419 2162 im-

136 2216 248 2301 primis
265 2216 394 2279 labulas
410 2216 552 2280 libenter
565 2217 709 2300 undique
725 2218 929 2300 congessisse
945 2225 978 2281 et
993 2218 1201 2302 interpretati
1216 2241 1288 2283 csse
1304 2218 1419 2282 viden-

135 2342 205 2413 tur,
228 2335 346 2418 quibus
361 2337 381 2398 J
384 2336 453 2399 ovis
470 2359 596 2400 amores
612 2344 835 2414 narrarentur,
859 2337 977 2421 quippe
995 2339 1082 2420 quod
1098 2338 1132 2400 in
1147 2337 1187 2400 iis
1203 2340 1223 2399 J
1225 2337 1279 2401 ovi
1299 2360 1419 2401 causae

135 2455 324 2538 generantis
346 2457 400 2519 vel
420 2459 546 2538 ,,θεοῦ,“
570 2456 725 2520 materiae
748 2462 859 2519 autem
880 2464 990 2539 partes
1013 2457 1129 2520 amatis
1151 2456 1270 2521 abillo
1292 2457 1419 2521 deabus

88 2663 90 2666 f
134 2575 279 2639 tribuere
297 2575 422 2638 licuit.6
455 2577 663 2658 Quapropter
684 2575 807 2658 optime
830 2598 903 2639 oum
925 2577 1042 2639 ceteris
1065 2578 1164 2659 hujus
1186 2583 1296 2639 sectae
1318 2577 1419 2639 mori·

135 2696 196 2758 bus
215 2694 387 2758 convenire
403 2695 554 2773 arbitror,
571 2695 598 2757 si
614 2695 762 2758 Stoicum
779 2696 940 2777 quendam
958 2695 1183 2779 spurcissimas
1198 2696 1273 2758 illas
1286 2695 1419 2759 fabulas

137 2815 176 2880 de
195 2814 287 2877 lovis
310 2821 344 2878 et
365 2815 578 2896 Proserpinae
599 2814 728 2877 incestu
751 2822 784 2877 et
804 2822 918 2896 stupro
941 2816 1053 2877 Rheae
1076 2814 1189 2876 illato⁷
1211 2837 1251 2878 ex
1273 2816 1419 2878 Onoma-

138 2934 211 2997 criti
228 2934 425 2998 carminibus
441 2933 474 2996 in
492 2934 669 3016 Orphicam
686 2933 911 3016 Theogoniam
931 2933 1140 2996 transtulisse
1163 2957 1339 2996 sumamus.
1374 2936 1420 2996 Et

137 3053 277 3117 fortasse
302 3060 375 3117 tota
399 3053 557 3117 Phanotis
583 3054 764 3136 cataposiS,
793 3076 888 3135 quam
914 3053 948 3115 in
973 3055 1034 3116 hac
1059 3053 1250 3137 Theogonia
1277 3054 1419 3137 primum

137 3195 302 3257 emergere
328 3196 425 3255 supra
449 3172 642 3251 viderimus,
668 3174 815 3256 ejusdem
839 3172 942 3236 Stoici
967 3172 1104 3255 argutiis
1130 3173 1279 3236 debetur.
1320 3173 1419 3235 Certe

136 3348 564 3359 μή

135 3457 224 3506 κοινῶς
235 3467 263 3500 τε
276 3449 320 3500 καὶ
337 3449 366 3501 τὸ
385 3450 461 3521 μέρος
479 3448 567 3509 αὐτοῦ,
586 3449 615 3501 τὸ
629 3449 716 3518 διῆκον
735 3447 776 3499 διὰ
792 3449 901 3507 πάντων,
922 3448 935 3499 ὃ
953 3448 1062 3504 πολλοῖς
1080 3445 1245 3519 κατηγορίαις
1262 3446 1418 3518 προσονομά-

136 3533 223 3595 ζεσθαι
240 3534 308 3586 κατὰ
325 3534 371 3592 τὰς
396 3534 520 3602 δυνάμεις.
558 3531 605 3585 Δία
624 3534 671 3601 μὲν
688 3533 736 3603 γάρ
752 3551 812 3604 φασι
831 3530 859 3584 δι’
879 3533 907 3584 ὃν
925 3533 957 3584 τὰ
975 3535 1070 3592 πάντα,
1096 3530 1170 3599 Ζῆνα
1189 3532 1218 3584 δὲ
1235 3531 1342 3584 καλοῦσι
1360 3529 1419 3602 παρ’

136 3620 193 3672 ὅσον
211 3625 255 3671 τοῦ
275 3620 320 3689 ζῆν
339 3619 420 3677 αἴτιός
438 3620 511 3671 ἐστιν.

205 3705 218 3746 ¹-
232 3710 275 3757 1ο.
296 3710 320 3767 1,
342 3712 380 3767 ιο,
400 3711 442 3755 ιι.

204 3789 214 3820 ²
232 3795 264 3842 P.
284 3797 325 3841 26.

207 3876 274 3925 ³cf.
294 3878 356 3941 Agl.
374 3894 402 3940 p.
424 3882 481 3938 530,
499 3881 547 3924 912
566 3895 604 3942 sq.

205 3959 216 3990 ⁴
235 3960 372 4011 Cleanthes
391 3963 512 4026 hymnum
530 3964 556 4011 in
568 3964 660 4013 Jovem
679 3965 741 4013 fecit
759 3965 803 4026 qui
822 3971 907 4013 exstat
924 3965 991 4027 apud
1006 3966 1076 4014 scot.
1091 3965 1152 4013 Eri.
1166 3965 1190 4022 I,
1203 3968 1226 4025 2,
1237 3981 1267 4028 p.
1284 3968 1315 4012 13
1331 3965 1420 4028 Gaios.

206 4045 217 4074 ⁵
235 4048 309 4109 Vide,
329 4063 394 4110 quae
412 4055 471 4097 ante
490 4049 585 4097 dictum
604 4057 642 4098 est
656 4068 685 4114 p.
706 4054 748 4098 38.
1453 4036 1457 4045 ’

210 4131 277 4182 ⁶Ita
296 4132 454 4197 Chrysippus
472 4135 544 4183 Jovis
564 4143 589 4183 et
606 4136 711 4184 Iunonis
736 4137 889 4185 commercia
907 4136 1029 4199 explicuit
1055 4138 1142 4200 (Olem.
1162 4136 1259 4185 Homil.
1277 4152 1305 4198 p.
1328 4138 1385 4193 147,
1405 4140 1420 4183 9

138 4225 177 4271 ed.
197 4222 312 4279 Dreccel,
330 4223 407 4285 Dioy.
428 4222 460 4271 L.
485 4223 547 4280 VII,
569 4226 623 4281 188,
645 4221 677 4268 cf.
692 4223 753 4284 Apa
770 4240 799 4285 p.
821 4227 869 4270 606
888 4222 950 4287 sq),
970 4223 1100 4286 Diogenes
1114 4221 1271 4284 Babylonius
1288 4219 1423 4271 Minervae

137 4315 219 4356 ortum
238 4306 270 4353 ad
288 4306 473 4368 physiologiam
492 4307 604 4355 traduxit
623 4307 689 4366 (Cic.
709 4308 743 4356 N.
763 4309 798 4357 D.
819 4310 842 4366 I,
865 4313 902 4367 15,
923 4308 976 4371 11).

205 4389 358 4458 ⁷Atteaay.
379 4410 401 4443 c.
421 4398 463 4453 20,
478 4410 508 4458 p.
529 4398 561 4442 94
580 4395 619 4442 ed.
643 4393 711 4446 otto.
