3038 4988
742 232 781 291 29

677 319 848 327 ——0-—2—

116 434 239 499 sentire
258 433 403 510 videtur,
426 432 502 496 illos
523 454 636 496 versus
656 432 862 496 theocrasiac
882 433 999 515 plenos
1020 433 1125 516 magis
1148 433 1181 495 in
1197 431 1404 496 Palinodiam

116 552 295 618 aJudaeis
320 552 417 615 valde
441 550 676 636 interpolatam
701 558 735 615 et
764 573 840 614 cum
864 551 1057 635 Theogonis
1085 551 1223 634 aliisque
1249 551 1403 634 Orphicis

115 672 248 757 scriptis
264 672 299 735 in
314 693 415 735 unum
432 693 549 753 corpus
567 671 755 734 redactam¹
774 663 933 753 quadrare
950 671 1044 754 eique
1063 671 1280 753 assignandos
1299 671 1402 734 csse'

115 792 235 874 Itaque
252 790 391 879 Diodori
406 791 515 853 locum
532 812 664 873 prorsus
681 789 883 852 mittendum
898 790 1049 852 arbitror.

201 911 320 993 Neque
336 909 433 972 aliam
450 909 648 972 sententiam
664 909 798 972 tulerim
815 909 855 971 de
866 908 1009 972 Theonis
1021 907 1191 991 Smyrnaei
1207 909 1292 985 loco,
1306 928 1403 989 quem

115 1031 250 1113 Zoega
266 1031 300 1112 (l.
319 1050 347 1091 c.
366 1052 399 1112 p.
415 1032 487 1110 220)
505 1028 686 1091 secundum
701 1035 778 1112 post
793 1028 975 1122 Diodorum
992 1028 1032 1090 de
1049 1028 1198 1090 Phanete
1214 1027 1401 1108 Eraeapaeo

115 1148 346 1212 testimonium
363 1148 520 1231 praebere
536 1154 645 1231 putat.
677 1147 767 1210 Theo
785 1147 888 1224 enim,
912 1147 1043 1230 Trajani
1059 1155 1093 1209 et
1108 1144 1268 1209 Hadriani
1283 1166 1402 1227 aequa·

116 1267 176 1330 lis³
193 1267 228 1331 in
243 1266 327 1331 libro
343 1277 471 1354 περὶτῶν
485 1271 558 1335 κατὰ
573 1271 769 1353 μαθηματικὴν
783 1275 925 1356 χρησίμων
941 1274 977 1341 εἰς
990 1270 1042 1352 τὴν
1052 1278 1100 1334 τοῦ
1110 1274 1252 1338 Πλάτωνος
1261 1274 1403 1349 ἀνάγνωσιν

118 1387 165 1450 alb
180 1391 223 1471 (Ρ.
239 1391 301 1451 164
318 1386 370 1449 ed·
387 1386 508 1469 Bull·)=
526 1391 617 1454 ''Euoi
629 1417 707 1471 φασιν
722 1395 793 1453 ὀκτὼ
808 1395 871 1460 τοὺς
885 1394 990 1453 πάντων
1004 1397 1166 1471 κρατοῦντας
1182 1391 1246 1451 εἶναι
1260 1391 1350 1463 θεοὺς,
1366 1395 1402 1458 <t

119 1515 164 1574 καὶ
178 1515 204 1574 ἐν
216 1517 269 1580 τοῖς
279 1511 414 1592 Ὀρφικοῖς
429 1515 497 1573 ἐστιν
513 1515 598 1592 εὑρεῖν

382 1621 435 1678 Ναὶ
454 1626 505 1694 μὴν
525 1623 661 1677 ἀθανάτων
679 1624 831 1695 γεννήτορας
850 1624 904 1675 αἰὲν
923 1623 1020 1683 ἐόντας,

382 1733 431 1799 πῦρ
449 1727 494 1780 καὶ
513 1725 590 1798 ὕδωρ,
610 1727 687 1796 γαῖάν
705 1745 733 1778 τε
751 1727 796 1778 καὶ
814 1725 920 1797 οὐρανὸν
938 1726 987 1795 ἠδὲ
1005 1726 1115 1795 σελήνην

380 1829 468 1900 ἠέλιόν
486 1848 514 1881 τε
534 1827 643 1898 Φάνητα
661 1829 741 1898 μέγαν
759 1829 804 1880 καὶ
822 1828 902 1880 νὺιιτα
921 1828 1052 1896 μέλαιναν.

114 1930 376 2018 111ο’ορφικὰ,οιι
392 1932 510 2013 quibus
520 1931 610 1993 Theo
628 1952 684 1993 eos
700 1950 813 1992 versus
830 1928 981 2012 sumpsit,
993 1935 1088 2015 “Optat
1103 1934 1192 1990 sunt.
1217 1929 1400 1989 Phanetem

115 2057 228 2112 autem
249 2048 297 2112 ibi
318 2056 609 2112 commemoratum
631 2050 763 2131 Zoega
785 2071 851 2111 non
872 2048 982 2111 Solem
1005 2069 1075 2110 esse
1097 2054 1195 2130 putat
1215 2047 1273 2109 sed
1294 2047 1400 2109 Theo-

115 2168 234 2252 goniae
255 2168 468 2254 rhapsodioae
490 2169 588 2232 deum
609 2167 838 2252 cognominem
859 2175 1047 2251 propterea,
1071 2167 1158 2248 quod
1179 2165 1270 2228 illum
1290 2174 1402 2251 Φάνητα

116 2297 200 2374 μέγαν
215 2289 255 2351 ab
271 2297 340 2375 ἡλίῳ
357 2289 522 2351 diversum
539 2308 610 2351 esse
627 2294 793 2372 oporteat,
817 2287 970 2369 quoniam
986 2286 1034 2348 ita
1050 2286 1181 2348 demum
1203 2293 1294 2362 octo,
1318 2305 1400 2366 quos

119 2408 211 2471 Theo
228 2409 315 2486 vult,
340 2406 385 2470 dii
401 2407 578 2485 exsistant,
606 2414 640 2469 et
661 2407 748 2488 quod
763 2408 894 2469 Phanes
911 2406 965 2469 hic
983 2426 1111 2488 quoque
1135 2404 1287 2467 similiter
1302 2410 1401 2486 atque

117 2525 152 2588 in
166 2526 365 2609 Rhapsodiis
382 2548 455 2589 cum
471 2528 581 2590 Nocte
604 2533 830 2609 componatur.
865 2525 930 2588 Sed
945 2527 1076 2588 Phanes
1096 2547 1162 2587 non
1184 2523 1291 2586 minus
1311 2530 1399 2606 apte,

116 2645 146 2707 si
162 2646 219 2708 Sol
236 2652 303 2724 est,
328 2667 401 2709 curn
417 2646 527 2708 Nocte
548 2645 770 2729 conjungitur.
803 2644 932 2707 Deinde
954 2665 1028 2706 oum
1049 2642 1261 2706 manifestum
1283 2641 1344 2719 sit,
1367 2641 1402 2703 in

116 2766 180 2827 hoc
196 2765 400 2828 iureiurando
417 2772 568 2828 nontam
584 2764 674 2841 deos,
693 2763 751 2826 sed
766 2771 903 2826 naturae
920 2764 1085 2826 elementa
1104 2761 1259 2838 invocari,
1283 2760 1402 2823 mirum

117 2890 206 2946 esset
236 2883 264 2945 si
293 2885 424 2947 Phanes
456 2884 602 2947 omnium
632 2905 739 2946 rerum
771 2882 922 2953 conditor
952 2882 1019 2945 illis
1049 2881 1265 2965 interpositus
1300 2887 1399 2942 esset.

115 3005 288 3066 Postremo
306 3002 550 3086 quid-curemus
567 3003 735 3066 Thoonem
752 3009 828 3065 octo
845 3003 924 3065 deos
940 3017 1183 3081 numerantem,
1202 3022 1277 3062 cum
1292 3021 1400 3082 gram·

116 3121 254 3187 matices
267 3122 401 3204 regulae
418 3145 477 3185 nos
492 3123 629 3185 iubeant
645 3122 745 3185 verba
759 3131 871 3208 Φάνητα
887 3132 969 3207 μέγα)
982 3120 1051 3184 sine
1064 3121 1134 3183 ulla
1147 3119 1311 3204 particula
1324 3139 1400 3181 cou-

185 3359 195 3389 1
214 3361 255 3411 cf.
275 3365 338 3427 Αρι.
354 3381 384 3428 ρ.
404 3365 464 3423 447,
484 3367 542 3423 454,
563 3367 622 3422 483,
643 3367 701 3422 508,
722 3367 779 3410 714.

184 3443 376 3510 'Quamquam
399 3447 467 3496 idem
488 3447 673 3497 Lobcekius
697 3447 777 3496 alium
802 3445 899 3510 Orphei
921 3447 1014 3508 locum,
1040 3462 1117 3510 quem
1135 3445 1282 3495 Macrobius
1302 3445 1338 3508 (I,
1360 3449 1399 3503 18,

113 3550 143 3598 p.
165 3533 225 3596 177)
243 3533 371 3597 prioribus
396 3531 448 3582 fere
473 3532 613 3595 subjungit,
638 3546 722 3595 neque
740 3532 772 3580 de
790 3525 1049 3595 Theogonia'nequa
1068 3534 1099 3581 de
1118 3532 1254 3581 Palinodia
1271 3529 1399 3592 intelligit,

116 3617 162 3666 scd
180 3617 211 3666 de
229 3618 304 3667 tertio
323 3619 434 3682 quodam
452 3618 517 3667 libro
537 3619 611 3682 (Αρί.
627 3636 658 3682 ρ.
678 3617 747 3680 727).
786 3616 937 3676 Quodnam
957 3618 1098 3682 simplicius
1117 3619 1240 3677 videatur,
1261 3617 1282 3665 si
1301 3616 1401 3664 Maero-

115 3702 189 3751 bium
205 3703 270 3752 locis
294 3702 344 3752 sibi
365 3709 417 3751 tam
439 3703 590 3766 propinquis
613 3717 646 3751 cx
664 3718 715 3752 uno
733 3711 832 3752 tantum
850 3703 920 3752 fonte
939 3703 1065 3751 delibasse
1084 3703 1226 3762 existimes,
1249 3702 1325 3764 copia
1342 3701 1402 3748 data

116 3795 157 3837 est
173 3787 294 3837 Phanotis
319 3803 352 3837 ex
371 3788 524 3852 Theogonis
547 3790 574 3836 in
597 3789 661 3836 illud
684 3789 749 3837 adeo
769 3782 968 3846 Καταζιοοτιιιὸν
990 3788 1030 3836 vel
1050 3782 1222 3852 Ἱεροοτολιιιά
1247 3786 1398 3850 expellendi.

114 3873 238 3923 Attamen
256 3874 373 3938 praefero
391 3874 562 3923 Palinodiam.

184 3955 255 4009 ⁸Cl.
280 3959 471 4020 Fabricius,
499 3961 570 4010 Bihl.
594 3963 642 4010 Gr.
663 3960 713 4018 IV,
733 3965 774 4008 35.
802 3961 829 4009 J.
848 3959 1039 4009 Bullialdus
1058 3960 1172 4009 Theonis
1199 3968 1309 4008 aetatem
1335 3959 1401 4005 inter

115 4059 213 4094 annum
228 4059 303 4094 aerae
317 4043 479 4094 Christianae
491 4045 551 4093 XX.
566 4053 591 4094 et
603 4043 684 4094 CXL.
697 4045 779 4108 ponit,
800 4044 915 4094 Saxius
933 4045 1037 4094 ineunte
1050 4059 1118 4094 saec.
1131 4045 1167 4095 11.
1179 4061 1204 4095 a.
1219 4045 1279 4092 circ.
1294 4041 1400 4102 CXVL,

112 4137 245 4194 postremo
269 4131 295 4179 J.
315 4131 352 4180 de
371 4129 494 4180 Gelder
515 4132 542 4179 in
566 4131 678 4180 editione
701 4146 747 4179 sua
765 4131 950 4181 Aritbmeticae
973 4130 1068 4194 (Lugd.
1089 4132 1147 4180 Bat.
1171 4130 1244 4195 1827)
1267 4130 1400 4179 Theonem

113 4214 247 4264 Hadriano
273 4216 415 4280 imperante
442 4217 515 4265 annis
539 4215 671 4277 CXXIX,
697 4215 817 4277 CXXX„
843 4215 964 4265 CXXXI.
989 4222 1014 4265 et
1036 4216 1184 4266 CXXXIII·
1209 4214 1399 4264 observationes

115 4295 304 4353 astronomicos
322 4305 464 4354 instituisse
483 4312 509 4354 et
526 4305 602 4353 simul
621 4320 679 4353 cum
691 4304 829 4353 Plutarcho
847 4305 963 4354 floruisse
982 4304 1146 4352 demonstrat.
1177 4299 1217 4350 cf.
1237 4299 1400 4348 Rossbach

113 4389 167 4438 und
185 4389 369 4454 Westphal,
389 4391 489 4440 Mente
506 4392 553 4440 der
574 4392 707 4449 orientes,
727 4392 764 4451 (2.
785 4392 867 4456 Aust„
886 4391 991 4454 Lemziy
1010 4392 1098 4450 1868),
1117 4390 1141 4446 I,
1161 4390 1201 4436 76.
