3038 4988
734 240 774 307 7⁰

114 450 309 534 Proserpina
326 450 450 513 animas
466 455 670 511 mortuorum
687 445 826 528 agitat,¹
844 445 987 508 Tiresiae
1003 453 1132 509 mortno
1149 453 1296 516 mentem
1305 469 1396 532 prae·

113 571 202 651 bet,²
219 568 367 633 homines
383 568 475 632 vivos
492 569 533 631 ab
544 568 631 630 Orco
648 565 770 628 arcet.⁰
794 565 913 646 Itaque
929 564 997 628 iure
1015 564 1046 628 ei
1060 572 1177 648 postea
1192 573 1228 630 et
1239 566 1397 650 puniendi

114 697 149 754 ct
163 687 316 773 praemiis
338 686 505 751 afficiendi
524 692 673 769 potestas
690 683 825 747 concedi
844 683 966 766 potuit.
1013 684 1078 747 Sed
1099 706 1172 748 cum
1195 686 1310 749 eadem
1332 709 1397 750 non

114 807 222 872 minus
238 807 330 871 Jovis
347 813 382 870 et
392 805 521 870 Cereris
537 804 615 882 filia,
634 804 806 866 aPlutone
821 808 916 886 rapta
933 809 967 865 et
981 826 1092 866 rursus
1109 804 1150 867 ad
1165 806 1274 868 lucem
1289 804 1324 869 in
1341 805 1397 868 ali·

115 927 203 1011 quod
223 932 356 1010 tempus
377 946 508 988 reversa
527 924 724 1007 putabatur,
748 920 871 1005 optime
893 923 975 984 haec
996 923 1086 986 bella
1105 922 1221 987 fabula
1239 923 1274 987 in
1296 947 1397 1007 quan·

115 1047 188 1110 dam
214 1045 408 1128 allegoriam
432 1041 668 1126 distorquenda
689 1040 879 1119 videbatur,
907 1041 1000 1123 quasi
1025 1041 1110 1104 (lora
1133 1042 1235 1125 ipsius
1260 1050 1397 1107 naturae

115 1166 213 1228 modo
237 1162 384 1227 florentis
410 1163 507 1225 modo
532 1160 696 1225 horrentis
725 1167 759 1223 et
784 1158 963 1223 animarum
988 1183 1046 1243 per
1070 1161 1173 1225 vitam
1198 1168 1233 1225 et
1257 1169 1397 1226 mortem

115 1283 351 1349 alternantium
372 1282 482 1365 imago
503 1287 603 1344 esset.
648 1280 704 1343 Ita
725 1278 884 1343 accidisse
901 1279 1069 1359 existimo,
1092 1286 1130 1344 ut
1150 1283 1237 1365 apud
1253 1282 1397 1346 Graecos

114 1403 328 1486 Proserpinae
344 1402 458 1465 fabula
474 1423 548 1465 cum
564 1399 657 1463 novis
673 1399 726 1462 vel
743 1399 1013 1482 philosophorum
1029 1400 1083 1463 vel
1093 1400 1398 1484 philosophantium

115 1525 387 1608 mythclcgorum
398 1520 556 1584 doctrinis
574 1519 613 1582 de
630 1524 720 1581 statu
737 1518 917 1581 animarum
933 1526 1010 1602 post
1023 1524 1163 1582 mortem
1178 1520 1291 1584 futuro
1303 1543 1399 1603 quam

116 1641 299 1707 arctissime
316 1661 464 1704 connexa
479 1638 534 1703 sit.
581 1639 621 1700 ld
638 1638 725 1721 quod
744 1636 825 1700 mihi
840 1660 907 1700 non
928 1659 969 1700 ex
990 1661 1055 1701 una
1071 1646 1202 1702 tantum
1219 1661 1318 1703 causa
1334 1662 1399 1703 me·

116 1769 246 1825 moratu
263 1760 400 1843 dignum
414 1758 557 1822 videtur.
603 1755 736 1820 Etenim
751 1756 844 1819 illam
860 1756 1007 1820 fabulam
1023 1780 1088 1821 non
1104 1760 1211 1821 solum
1227 1758 1351 1823 litteris
1367 1767 1399 1824 et

116 1881 215 1945 fando
233 1878 416 1962 antiquitus
426 1876 584 1940 traditam
594 1882 686 1959 put0,
704 1877 762 1939 sed
779 1875 880 1939 etiam
896 1876 995 1939 sacris
1007 1876 1202 1959 quibusdam
1219 1884 1254 1941 et
1269 1878 1397 1957 ritibus,

117 2000 235 2084 quibus
259 1999 320 2062 dea
341 2004 376 2061 et
397 1998 468 2081 ejus
491 2002 596 2059 mater
617 1995 668 2078 pie
691 1996 885 2058 colebantur
910 2002 944 2058 et
964 1995 1105 2059 fortasse
1128 2017 1239 2060 earum
1260 1997 1332 2061 fata
1351 2019 1399 2062 re-

116 2119 413 2205 praesentabantur
433 2117 556 2198 absque
579 2115 648 2178 ulla
670 2114 796 2178 altioris
819 2114 999 2197 sapientiae
1020 2116 1229 2179 affectatione
1250 2123 1286 2180 et
1301 2118 1399 2180 simu·

117 2237 252 2302 latione.
282 2237 363 2300 Cum
382 2243 493 2298 autem
509 2242 586 2318 post
601 2233 783 2297 Hesiodum
798 2234 858 2296 illa
873 2234 1023 2298 doctrina
1039 2235 1079 2297 de
1095 2235 1268 2300 beatorum
1284 2236 1399 2300 insulis

118 2380 156 2421 eo
173 2357 316 2420 deducta
332 2362 430 2432 esset,
447 2361 567 2417 utnon
583 2353 647 2417 iam
663 2356 779 2416 heroes
795 2360 938 2432 tantum,
956 2355 1013 2416 sed
1030 2376 1143 2418 omnes
1158 2354 1238 2419 iusti
1256 2353 1398 2419 bcatitu·

118 2476 228 2539 dinem
243 2474 380 2559 adipisci
396 2496 491 2558 posse
508 2473 710 2551 dicerentur,
733 2473 812 2536 iusti
831 2479 941 2535 autem
956 2473 979 2535 ii
995 2468 1217 2553 haberentur,¹
1230 2475 1287 2558 qui
1302 2476 1400 2539 certis

119 2593 286 2659 sacrificiis
306 2600 341 2656 et
362 2592 607 2676 precationibus
629 2593 707 2655 deos
730 2594 943 2655 observarent
948 2593 978 2670 ,⁴
999 2593 1096 2656 facile
1118 2593 1189 2657 fieri
1209 2594 1338 2677 potuit,
1363 2601 1401 2658 ut

118 2713 268 2778 homines
280 2735 351 2776 eam
362 2713 467 2790 deam,
486 2711 538 2775 cui
554 2710 725 2775 arbitrium
742 2711 781 2773 de
792 2711 930 2774 mortuis
941 2712 1160 2791 deferebatur,
1179 2714 1242 2776 sibi
1258 2715 1400 2777 clemen·

119 2841 188 2896 tem
203 2833 339 2895 reddere
357 2832 545 2914 cuperent.⁶
588 2831 707 2893 Nonne
724 2837 834 2893 autem
851 2829 901 2909 iis,
920 2831 975 2914 qui
990 2855 1091 2896 novas
1109 2832 1278 2915 opiniones
1294 2832 1402 2896 moliti

121 2958 224 3029 erant,
243 2951 344 3015 etiam
359 2972 435 3036 prae
453 2951 570 3014 ceteris
587 2949 729 3012 facultas
745 2949 969 3033 Proserpinae,
989 2974 1085 3033 quam
1103 2951 1301 3015 carminibus
1318 2953 1401 3015 cele·

120 3073 271 3148 brarent‚
296 3070 363 3132 suis
384 3069 503 3134 ritibus
524 3069 703 3152 placandae
724 3068 900 3133 tribuenda
919 3069 1004 3133 fuit?
1048 3072 1166 3154 ltaque
1188 3078 1304 3155 poetas
1320 3072 1401 3135 tele-

122 3192 224 3269 stae,⁶
242 3188 386 3254 carmina
400 3189 484 3252 ritus
496 3189 627 3272 quidam
644 3188 754 3252 arcani
771 3188 877 3252 secuti
887 3197 974 3267 sunt,
993 3213 1097 3272 neque
1113 3190 1192 3254 iusti
1203 3191 1323 3255 dehinc
1338 3191 1360 3254 i.
1372 3213 1400 3254 e.

122 3317 237 3374 sancta
259 3317 293 3373 et
314 3309 444 3392 integra
464 3308 535 3371 vita
555 3308 719 3387 defuncti,
742 3309 799 3407 sed
820 3309 882 3372 soli
904 3308 1025 3373 initiati
1046 3311 1144 3374 beata
1165 3317 1242 3393 post
1262 3317 1402 3373 mortem

122 3438 210 3494 sorte
227 3428 319 3512 digni
334 3428 553 3492 habebantur.
599 3427 686 3492 Hinc
701 3435 780 3492 nata
795 3435 875 3512 puto
892 3429 950 3492 illa
965 3429 1093 3512 privata
1108 3429 1266 3513 mysteria
1282 3436 1316 3492 et
1330 3441 1404 3498 τελε-

120 3559 182 3632 τάς,
204 3571 341 3632 quorum
361 3547 643 3611 administratores
665 3548 805 3612 fortasse
828 3550 868 3612 ab
885 3548 1081 3612 Eleusiniis⁷
1102 3549 1254 3612 Cererem
1274 3555 1309 3612 et
1323 3550 1403 3611 Pro-

191 3720 201 3751 ¹
221 3725 298 3789 odys.
321 3727 360 3782 11,
380 3727 439 3771 ass.

190 3804 263 3857 'Ia
282 3825 307 3856 v.
326 3812 385 3855 494.

191 3889 263 3941 ³Ib.
283 3909 307 3940 o.
328 3897 386 3940 634.

191 3974 203 4005 ⁴
220 3979 299 4028 Plato
317 3979 381 4042 Rep.
401 3977 425 4035 I,
445 3983 493 4026 ³30
511 3979 538 4027 D
556 3995 593 4042 sq.
631 3976 672 4026 Cf.
691 3977 922 4041 Naegelsbach,
946 3981 1103 4029 naellam.
1132 3981 1217 4029 Pteol.
1233 3998 1263 4045 p.
1286 3984 1334 4028 193
1352 3996 1406 4044 sqq

125 4063 316 4123 Schbmann,
339 4064 499 4113 malache
516 4065 691 4115 Altarttrlmer
709 4065 745 4127 (2.
766 4066 836 4130 Aust.
855 4065 949 4113 Berlin
970 4064 1055 4127 1861),
1074 4066 1114 4124 ΙΙ,
1135 4070 1182 4113 134
1200 4082 1238 4130 sq.

192 4145 263 4198 ⁶cf.
282 4150 320 4198 H.
340 4150 417 4198 Hom.
436 4150 463 4198 ia
482 4151 538 4199 θον.
558 4168 581 4200 υ.
602 4133 746 4200 ate—36⁶9.

193 4231 205 4263 ⁶
221 4233 271 4283 Vel
288 4229 426 4305 ratapant,
446 4249 504 4282 cum
522 4251 616 4285 nomen
633 4234 755 4305 τελεστὴς
773 4236 897 4285 novitium
915 4235 947 4284 sit
965 4236 1039 4300 (Apl.
1055 4255 1085 4301 p.
1105 4237 1176 4300 315).

194 4317 279 4368 ⁷Hoc
303 4326 371 4394 certe
394 4319 448 4368 fieri
471 4321 599 4384 potuisse,
624 4323 704 4371 multa
726 4321 827 4370 Cereris
849 4322 998 4370 Eleusinios
1023 4320 1186 4395 ἀφιδρύματα
1209 4321 1286 4370 etiam
1310 4323 1406 4376 exteris

125 4406 275 4456 transmissa
292 4405 366 4472 (Apa.
381 4410 482 4479 prm
500 4408 534 4456 N.
554 4411 583 4472 d)
602 4409 663 4458 satis
681 4408 826 4459 ostendunt.
