3038 4988
670 225 841 321 -ιι-

114 428 402 514 argumentatione
417 450 507 490 usus.
534 425 723 505 Pausanias,
741 426 799 490 ubi
815 427 855 490 de
872 434 984 489 statua
1000 425 1107 510 Anyti
1122 425 1248 489 Titanis
1264 426 1299 489 in
1313 433 1397 489 tem-

113 550 169 634 plo
185 557 331 634 Δεσποίνης
345 547 455 631 posita
471 546 623 610 edisserit
639 546 755 630 (VIII,
773 548 841 629 37),
864 548 946 609 haec
962 545 1071 608 addit:
1095 553 1173 632 Παρὰ
1192 551 1312 633 Ὀμήρου
1323 551 1399 614 Ὀνο-

114 679 240 756 μάκριτος
259 679 424 754 παραλαβὼν
445 683 498 736 τῶν
519 677 636 737 Τιτάνων
655 675 686 734 τὸ
708 670 794 752 ’ὄνομα
814 673 931 751 Διονύσῳ
950 697 982 734 τε
1003 675 1148 752 συνέθηκεν
1170 670 1246 751 ’ὄργια
1269 673 1313 733 καὶ
1337 672 1400 734 εἶναι

115 796 211 863 αὐτοὺς
230 800 271 873 τῷ
292 794 408 873 Διονύσῳ
429 800 483 856 τῶν
506 795 679 872 παθημάτων
702 794 826 871 ἐποίησεν
845 793 1013 872 αὐτουργούς.
1056 785 1147 848 Haec
1172 785 1275 868 igitur
1299 785 1399 848 verba

85 962 88 967 .
115 905 336 970 Loheckius
351 905 546 990 itaaccipit,
564 905 658 988 quasi
674 905 906 969 Onomacritus
923 903 1024 967 sacris
1040 903 1212 967 Bacchicis
1227 913 1301 968 tum
1316 912 1399 967 tem·

114 1025 203 1110 poris
222 1025 286 1089 iam
309 1026 433 1089 dudum
453 1025 542 1088 notis
571 1032 606 1088 et
632 1025 825 1089 inveteratis
852 1047 974 1088 novum
1002 1024 1166 1107 quendam
1194 1024 1338 1087 colorem
1366 1030 1400 1086 et

116 1145 259 1229 speciem
282 1144 450 1209 induxerit
473 1145 686 1228 fabulamque
714 1145 754 1208 de
779 1143 920 1228 Dyonisi
948 1144 1048 1207 caede
1075 1143 1239 1207 addiderit
1266 1143 1399 1206 sceleris

116 1264 307 1328 auctoribus
318 1264 495 1328 Titanibus
512 1264 623 1327 factis
657 1265 774 1347 Neque
792 1262 1042 1327 Onomacritum
1058 1263 1093 1326 in
1107 1263 1226 1326 ritibus
1243 1263 1399 1326 innovan-

116 1385 167 1448 dis
184 1383 397 1467 acquievisse,
416 1384 591 1447 sedetiam
607 1405 737 1448 carmen
754 1382 935 1466 scripsisse,
948 1382 1035 1465 quod
1051 1382 1144 1444 illam
1159 1381 1306 1445 fabulam
1324 1404 1400 1446 ocn-

115 1503 265 1581 tinuerit,
280 1524 317 1566 eo
334 1503 490 1566 videlicet
507 1503 657 1582 consilio,
670 1510 709 1566 ut
724 1503 857 1566 illorum
873 1524 1006 1566 sensum
1022 1501 1202 1585 explicaret
1219 1510 1253 1566 et
1269 1502 1399 1585 scriptis

114 1623 226 1688 verbis
242 1623 494 1687 diuturnitatem
511 1623 578 1686 suis
596 1623 752 1686 conflaret
770 1620 945 1684 institutis.
977 1621 1018 1684 Id
1035 1621 1123 1704 quod
1138 1620 1214 1684 inde
1232 1642 1397 1704 apparere,

116 1742 205 1826 quod
227 1742 433 1820 „Pausanias
459 1742 527 1806 eius
553 1742 645 1825 orgia
669 1750 703 1806 et
728 1750 780 1828 ἔπη
806 1740 853 1805 sic
879 1748 1072 1818 connectat,
1099 1748 1137 1803 ut
1160 1748 1275 1825 pateat
1298 1762 1400 1803 unum

117 1862 216 1926 alteri
233 1862 539 1926 coniunctissimum
558 1861 700 1924 fuisse.“
730 1861 820 1924 Haec
841 1868 953 1923 autem
974 1869 1025 1945 ἔπη
1047 1860 1108 1923 sub
1126 1860 1251 1944 Orphei
1270 1860 1401 1923 nomine

116 1981 207 2045 edita
223 2003 295 2045 osse
312 1981 490 2064 eademque
510 1981 611 2044 fuisse
628 1980 855 2064 Theogoniam
869 1986 1016 2043 nostram
1035 1986 1209 2064 propterea
1224 1979 1400 2043 verisimile

117 2122 200 2177 esse,
221 2101 309 2183 quod
324 2099 441 2178 „illam
458 2100 616 2178 fabulam,
635 2123 731 2183 quam
748 2099 927 2164 Pausanias
944 2100 984 2162 ab
1003 2099 1216 2162 Onomacrito
1233 2098 1402 2162 inventam

117 2221 223 2298 dicat,
250 2220 284 2283 in
310 2220 502 2302 Theogonis
530 2219 676 2304 Orphica
699 2241 805 2302 neque
832 2241 971 2302 usquam
999 2218 1079 2280 alibi
1107 2226 1291 2281 enarratam
1319 2217 1400 2281 scia·

116 2341 246 2404 mus“.¹
278 2341 341 2402 Est
356 2347 468 2403 autem
484 2340 687 2422 Theogonis,
706 2362 804 2422 quam
819 2338 1054 2402 Lobeckius
1075 2337 1171 2415 dicit,
1193 2337 1399 2420 rhapsodica,

115 2460 164 2524 ita
184 2467 222 2522 ut
242 2459 292 2523 vir
313 2457 618 2543 praestantissimus
638 2459 768 2544 proprie
789 2459 836 2522 sic
856 2457 1045 2521 ratiocinari
1064 2458 1225 2521 videatur.
1260 2458 1402 2520 Onoma-

117 2580 220 2643 critus
240 2578 274 2642 in
295 2588 371 2648 ἔπεσι
390 2579 457 2641 suis
479 2579 519 2641 de
538 2579 664 2661 Zagreo
685 2577 787 2642 verba
807 2578 899 2641 facit.
931 2578 1024 2641 Idem
1046 2577 1127 2640 deus
1148 2584 1318 2661 praetcrea
1337 2599 1403 2639 non

115 2698 180 2762 nisi
199 2699 234 2763 in
255 2698 454 2781 Rhapscdiis
477 2697 630 2761 occurrit.
663 2697 768 2781 Atqui
790 2696 999 2780 Rhapsodiae
1022 2718 1089 2759 non
1112 2695 1260 2759 diversae
1284 2701 1402 2759 sunta

115 2827 228 2882 vetere
250 2818 395 2902 Orphica
417 2818 620 2900 Theogonia.
658 2819 747 2900 Ergo
769 2815 1001 2900 suspicandum
1008 2864 1018 2894 ,
1041 2815 1099 2878 illa
1121 2825 1172 2901 ἔπη
1195 2816 1279 2878 hano
1300 2813 1401 2876 fuisse

116 2938 354 3021 Theogoniam.
388 2937 453 3000 Sed
468 2938 556 3001 unde
573 2945 715 3014 certum,
738 2937 772 2999 in
787 2935 995 3018 Rhapscdias
1014 2935 1097 2999 nihil
1118 2934 1298 2998 admissum
1318 2955 1400 3012 esse,

117 3057 196 3140 quin
212 3057 275 3120 iam
292 3057 325 3119 in
342 3064 453 3120 vetere
467 3056 660 3139 Theogonia
673 3054 860 3118 exstiterit?
885 3055 1004 3118 Nonne
1018 3077 1115 3137 supra
1129 3053 1281 3132 vidimus
1296 3054 1401 3116 multa

115 3176 149 3240 in
166 3198 220 3240 eas
236 3184 370 3260 recepta
387 3198 472 3254 esse,
496 3198 578 3258 quae
595 3175 701 3259 magis
718 3197 793 3238 cum
808 3173 1058 3258 Hieronymiani
1074 3197 1171 3256 quam
1188 3173 1315 3255 antiqui
1334 3195 1402 3235 car·

116 3295 214 3359 minis
235 3304 350 3360 tencre
373 3304 407 3359 et
428 3296 539 3359 indole
562 3295 808 3359 consentirent?
843 3292 931 3356 Ouid
953 3293 1056 3377 igitur
1077 3295 1207 3370 obstat,
1229 3291 1402 3374 quominus

116 3415 381 3500 Rhapscdiarum
398 3424 566 3479 auctorem
582 3414 731 3478 fabulam
747 3415 787 3478 de
804 3420 909 3476 morte
926 3412 1049 3476 Bacchi
1069 3435 1135 3475 non
1155 3433 1196 3475 cx
1211 3409 1403 3494 Theogonis

117 3535 278 3619 Orphica,
297 3535 355 3598 sed
372 3557 411 3598 ex
428 3534 579 3618 quolibet
595 3533 658 3597 alio
676 3533 821 3616 Orphioo
840 3532 923 3596 libro
941 3533 981 3596 ab
999 3531 1211 3595 Onomacrito
1229 3531 1400 3614 supposito

116 3654 358 3738 deprompsisse
375 3654 538 3732 dicamuS,
561 3653 589 3716 si
605 3675 687 3737 quae
703 3660 852 3716 veterum
871 3653 1069 3734 scriptorum
1088 3650 1280 3714 testimonia
1299 3649 1400 3712 alium

115 3773 211 3838 nobis
233 3774 366 3836 illorum
389 3772 596 3836 Onomacriti
617 3783 688 3841 ἐπῶν
706 3772 844 3835 titulum
866 3778 1048 3854 suggerant
1072 3777 1171 3852 atquc
1193 3769 1401 3852 Theogoniac

116 3894 170 3956 vel
191 3892 414 3976 Theologiae?
454 3893 514 3956 Ait
535 3899 646 3956 autem
670 3891 806 3955 Suidas²
828 3891 862 3954 in
885 3891 1039 3973 catalogo
1061 3890 1259 3972 scriptorum
1281 3887 1401 3971 Orphi-

117 4023 244 4076 corum:
269 4021 434 4100 Χρησμούς,
454 4023 482 4083 οἳ
496 4023 668 4100 ἀναφέρονται
684 4017 722 4087 εἰς
733 4017 938 4097 Ὀνομάκριτον·
960 4019 1094 4086 Τελετάς·
1115 4017 1215 4096 ὁμοίως
1230 4018 1260 4077 δέ
1275 4039 1339 4094 φασι
1357 4015 1402 4075 καὶ

175 4217 195 4248 '¹
213 4222 276 4286 Agl.
293 4239 322 4286 ρ.
343 4226 400 4283 335,
422 4226 480 4270 693.
516 4220 624 4270 Nonnns
648 4219 729 4267 multa
753 4219 784 4267 de
803 4219 902 4282 Zagreo
920 4226 1015 4278 narrat,
1041 4218 1085 4267 sed
1104 4231 1134 4266 ea
1152 4230 1204 4265 non
1222 4215 1307 4263 minus
1326 4228 1403 4276 quam

115 4305 182 4354 Novi
200 4307 327 4372 Platonici
345 4322 378 4356 ex
396 4306 551 4370 Rhapsodiis
569 4306 674 4354 duxisse
692 4304 800 4354 videtur.

185 4389 196 4420 ²
215 4391 243 4441 S.
263 4408 286 4442 ν.
304 4387 423 4463 Ὀρφεύς.
