3038 4988
739 217 843 310 aa*

117 418 306 493 propterea,
334 413 421 495 quod
442 415 614 498 Pangaeus
636 438 730 480 mons
754 440 813 500 pro
836 417 948 495 Piero,
973 417 1032 480 ubi
1057 418 1210 501 Orpheus
1235 418 1408 484 habitasse

117 527 310 613 plerumque
335 531 493 610 traditur,
519 535 560 598 ab
582 535 806 600 Eratosthene
832 544 1123 616 commemoratur,
1150 545 1263 601 tamen
1288 537 1406 617 exiis,

117 666 200 727 quae
221 649 319 713 modo
340 649 478 714 disserui
500 653 539 716 de
562 653 792 738 antiquissima
807 657 971 719 Thracum
991 655 1169 740 religione,
1192 679 1300 741 neque
1322 657 1407 721 veri·

116 761 277 830 dissimile
303 775 370 846 est,
401 769 570 853 Orpheum
596 774 789 857 Apollinem
814 774 969 854 coluisse,
1003 782 1037 838 et
1061 774 1140 854 alia,
1167 798 1251 859 quae
1277 785 1408 840 veteres

116 889 269 948 auctores
292 887 332 949 de
350 888 483 971 Orpheo
502 891 657 972 tradunt,
681 881 753 957 cam
776 895 972 958 confirmant
989 896 1224 979 conjecturam.
1270 899 1302 960 A
1325 918 1408 959 non·

117 1000 219 1064 nullis
242 1006 328 1068 enim
350 1008 517 1091 Apollinis
539 1011 627 1075 filius
647 1020 801 1093 vocatur,
827 1016 868 1077 ab
890 1013 963 1078 aliis
986 1014 1214 1093 citharoedus,
1236 1021 1408 1098 postremo

116 1125 237 1185 natura
252 1124 322 1207 ejus
338 1132 437 1209 atque
452 1127 623 1212 ingenium
639 1154 788 1196 sevemm
804 1140 839 1196 et
853 1133 1009 1216 pudicum
1025 1133 1131 1217 magis
1147 1156 1223 1197 cum
1238 1133 1409 1216 Apollinis

116 1243 315 1306 verecundia
331 1267 427 1327 quam
445 1269 520 1311 cum
536 1251 761 1316 obscoenitate
778 1252 912 1330 Bacchi,
930 1275 949 1316 a
965 1254 1058 1337 cujus
1074 1252 1289 1317 maenadibus
1304 1253 1408 1317 inter·

116 1353 245 1439 ficitur,
272 1362 403 1429 videtur
428 1369 613 1434 convenire.
661 1371 760 1435 Quod
784 1372 812 1434 si
835 1372 884 1435 ita
908 1379 976 1450 est,
1007 1370 1149 1436 fortasse
1173 1394 1240 1434 non
1264 1370 1409 1435 fortuitu

117 1471 246 1542 factum
263 1504 333 1546 esse
350 1485 456 1565 dicas,
480 1495 518 1551 ut
534 1489 634 1553 etiam
649 1488 684 1552 in
699 1490 905 1574 Theogonis,
927 1490 1011 1554 libro
1029 1491 1250 1574 Orphicorum
1266 1490 1408 1574 scripto·

116 1614 190 1658 rum
210 1602 437 1668 vetustissimo
442 1655 452 1684 ,
474 1609 621 1671 nondum
642 1630 807 1672 sacrorum
823 1609 1060 1673 Bacchicorum
1082 1609 1206 1673 mentio
1228 1610 1326 1686 fiat3¹
1349 1609 1409 1673 sed

117 1734 244 1797 vereor,
262 1744 303 1785 ne
313 1722 431 1788 nimiae
442 1727 641 1791 temeritatis
652 1727 707 1806 sit,
725 1727 754 1790 si
762 1735 946 1812 propterea,
965 1729 1053 1812 quod
1063 1728 1275 1811 Theogoniae
1291 1736 1410 1792 auctor

117 1834 247 1901 nullam
262 1842 380 1926 Zagrei
394 1845 549 1909 notitiam
564 1846 692 1925 habuit,
714 1847 828 1909 statim
845 1869 919 1910 eum
934 1847 1104 1930 Apollinei
1121 1847 1247 1930 Orphei
1263 1847 1409 1930 discipu-

117 1949 189 2016 lum
204 1957 349 2026 finxeris.
379 1965 482 2029 Nullo
500 1966 587 2030 enim
602 1974 772 2050 praeterea
786 1966 906 2029 indicio
924 1966 1084 2049 suspicari
1098 1967 1189 2044 licet,
1207 1969 1295 2029 hune
1311 1968 1410 2030 theo·

117 2069 235 2156 logum
251 2083 443 2165 Apollinem
464 2086 518 2148 vel
534 2086 646 2149 Solem
667 2085 785 2148 eximio
801 2087 925 2148 honore
941 2084 975 2147 in
994 2086 1136 2149 carmine
1152 2108 1210 2148 suo
1228 2085 1408 2164 ornavisse,

119 2212 195 2258 cum
211 2197 276 2262 iam
293 2202 388 2266 nobis
404 2203 546 2267 vetitum
562 2204 622 2282 sit,
649 2204 821 2287 quominus
837 2203 994 2282 Phancti‚
1017 2203 1280 2288 Rhapsodiarum
1295 2225 1410 2287 perso-

118 2333 197 2393 nae,
221 2320 333 2384 sedem
351 2323 568 2386 concedamus
586 2322 621 2385 in
635 2331 746 2386 vetere
763 2322 965 2406 Theogonia.
1011 2324 1131 2406 Itaque
1152 2322 1257 2386 nesio
1274 2321 1410 2406 quidem

118 2432 245 2516 aliquid
268 2442 475 2524 cognationis
497 2441 623 2525 Orphei
643 2441 810 2505 veterrimi
833 2449 866 2505 et
887 2440 1022 2506 iunioris
1045 2442 1199 2505 efficitur.
1245 2443 1318 2505 Nec
1335 2441 1410 2505 feli-

120 2550 225 2620 ciores
241 2583 301 2623 nos
318 2561 447 2625 futuros
464 2561 615 2639 arbitror,
639 2560 666 2624 si
683 2560 930 2643 antiquissimae
947 2560 1055 2644 poesis
1073 2560 1236 2644 Orphieae
1252 2567 1326 2622 tum
1341 2569 1411 2648 ἦθος

118 2677 193 2737 tum
214 2678 353 2743 formam
379 2680 668 2766 exploraverimus.
716 2679 850 2761 Siquid
875 2679 960 2742 enim
987 2681 1119 2743 omnino
1142 2682 1204 2742 hac
1229 2680 1269 2742 de
1294 2701 1329 2743 rc
1351 2700 1410 2742 ne·

119 2793 242 2874 glectis
258 2799 454 2863 Lobeckii
471 2799 658 2863 cachinnis¹
681 2798 893 2861 statuendum
910 2805 977 2872 est,
1000 2820 1074 2861 cum
1091 2798 1318 2862 Gerhardo⁸
1341 2796 1409 2861 lor-

121 2911 209 2978 sitan
226 2918 328 2997 dicas,
347 2919 472 3004 Orphei
491 2918 606 3002 poesin
622 2917 861 2981 sacerdotalem
877 2923 911 2981 ct
927 2917 1078 2980 melicam
1095 2917 1208 2980 fuisse.
1249 2916 1410 2980 Sacerdo-

120 3033 200 3097 talis
216 3045 390 3121 propterea
406 3037 471 3100 diei
486 3058 583 3119 posse
599 3036 741 3114 videtur,
764 3036 849 3117 quod
867 3035 908 3098 ad
925 3036 1051 3099 cultum
1068 3037 1203 3100 deorum
1219 3035 1410 3120 pertinebat

119 3172 227 3236 neque
238 3157 425 3219 auditorum
436 3177 534 3219 causa
543 3155 815 3220 delectandorum
826 3177 845 3217 a
854 3162 953 3239 poeta
963 3155 1146 3239 composita
1156 3162 1238 3219 erat.
1256 3155 1408 3238 Hymnos

121 3271 209 3336 enim
227 3276 379 3358 Orpheus
394 3274 523 3358 proprie
541 3274 671 3337 videtur
686 3273 804 3337 fecisse
819 3295 879 3336 nec
895 3281 1008 3336 tamen
1024 3276 1121 3353 taleS,
1145 3276 1259 3357 quales
1275 3273 1409 3358 plurimi

120 3579 265 3633 Klausen
294 3584 325 3647 (l.
346 3584 382 3647 c.)
410 3583 520 3633 conferri
546 3583 617 3631 inbet
644 3585 736 3632 Aesch.
766 3583 858 3647 Suppl.
889 3587 1033 3644 ala-215,
1062 3585 1140 3649 Sept.
1163 3585 1225 3633 Oed.
1250 3585 1284 3632 B.
1310 3587 1361 3631 660
1383 3591 1410 3632 et

121 3665 173 3716 inc.
193 3669 223 3718 fr.
245 3672 302 3720 772.

192 3768 201 3798 ¹
220 3770 261 3821 Of.
280 3774 303 3834 5.
326 3773 349 3821 7.
385 3771 490 3821 Etenim
508 3770 640 3819 Bacchica
658 3784 738 3829 sacra,
758 3785 824 3832 quae
843 3771 970 3830 dicuntur,
989 3785 1041 3819 non
1058 3777 1111 3819 tam
1129 3771 1161 3818 ad
1179 3771 1323 3833 Dionysum
1341 3769 1409 3819 The-

121 3853 232 3917 banum,
262 3871 337 3919 quem
360 3857 387 3905 in
416 3856 568 3920 Theogonis
598 3863 823 3904 commemoratum
851 3870 907 3904 esse
934 3870 987 3904 non
1013 3870 1093 3918 nego,
1121 3870 1199 3918 quam
1226 3855 1258 3903 ad
1281 3846 1426 3918 Zagreum'

122 3941 290 4002 pertinebant.

190 4023 281 4093 ’Ape
298 4045 328 4093 p.
348 4032 408 4075 aar.

191 4107 251 4162 ³11.
272 4130 294 4161 c.
305 4130 335 4177 p.
359 4117 401 4160 14:
427 4111 504 4162 Weaa
521 4128 580 4162 mea
597 4113 639 4161 die
657 4114 778 4177 Aafctaye
795 4112 840 4160 dea
856 4112 930 4176 Epor
946 4112 1001 4160 dem
1021 4112 1136 4178 Tatnyrie
1152 4113 1288 4175 suffecisti,
1305 4127 1333 4160 ao
1351 4111 1410 4160 eiad

121 4198 164 4247 die
181 4199 287 4261 dbripea
305 4199 467 4248 ttrukiseben
486 4199 594 4261 Sdayer,
614 4199 786 4248 iaaoaderbeit
806 4198 927 4262 Orpbeus,
950 4213 990 4245 san
1007 4214 1035 4246 ao
1053 4199 1239 4246 catacliedeaer
1256 4197 1336 4246 durch
1355 4197 1409 4244 An·

121 4286 191 4333 matt
217 4285 269 4334 aad
302 4285 399 4334 Weisea
425 4285 494 4333 itaet
523 4285 647 4347 Gemma,
673 4284 754 4332 dicct
780 4283 828 4331 das
848 4282 932 4331 Melos
957 4283 1009 4331 aad
1035 4283 1116 4331 daret
1141 4283 1190 4331 den
1212 4282 1410 4346 prieaterliclm

125 4368 265 4420 Obcracter
282 4372 353 4420 ihrer
369 4371 499 4434 Μολίνης
518 4370 713 4432 ascysteicbaet.
752 4363 793 4415 cf.
813 4367 848 4417 N.
869 4369 910 4427 68,
930 4370 973 4416 69.
