3038 4988
741 192 757 254 7

112 393 233 457 Timaei
243 395 354 456 locum
365 394 404 456 de
415 393 561 457 Hesiodo
573 395 654 472 sole,
667 394 731 458 imo
742 417 783 458 ne
793 395 952 479 imprimis
963 395 1095 478 quidem
1105 396 1145 459 de
1157 417 1194 458 eo
1205 394 1394 478 intelligere

111 520 237 577 vetent.
262 512 408 576 Primum
418 512 484 575 iam
498 513 636 596 pluralis
652 516 884 600 ἐχγόωιςρλυκου
900 538 998 599 quam
1014 538 1114 578 unum
1124 513 1240 598 exigit.
1264 513 1394 577 Deinde
1415 567 1416 570 ,

110 635 211 697 verba
232 642 253 700 Γ
255 647 287 719 ἧς
308 665 339 700 τε
362 641 408 700 καὶ
428 639 549 719 Οὐρανοῦ
573 646 667 708 παῖδες
683 639 810 710 Ὠκεανός
832 667 862 704 τε
886 644 931 703 κοιλ
951 643 1044 722 Τηθὺς
1066 644 1219 720 ἐγενέσθην,
1242 641 1344 702 τούτων
1364 643 1395 702 δὲ

111 763 216 840 Φόρκυς
237 761 339 839 Κρόνος
361 785 391 820 τε
415 760 459 821 καὶ
477 759 547 821 Ῥέα
570 761 615 821 καὶ
638 762 696 822 όσυι
720 764 789 840 μεταλ
811 761 913 823 τούτων
938 756 982 837 (h.
1007 775 1036 817 e.
1054 754 1200 836 Titanes)
1225 775 1291 815 non
1316 757 1392 834 apie

112 873 270 955 quadrare
294 871 448 935 videntur
472 871 506 934 in
526 872 665 935 Hesiodi
686 872 927 955 Theogoniam,
953 873 1011 936 ubi
1033 874 1186 936 Oceanus
1212 878 1246 934 et
1267 872 1393 954 Tethys

111 991 266 1054 Titanum
290 991 393 1054 frater
417 997 451 1054 et
476 1014 581 1069 soror,
611 1013 678 1054 non
702 998 855 1075 parentes
879 994 1064 1056 habeantur
1091 1012 1198 1074 neque
1222 991 1327 1054 ullum
1353 990 1394 1053 de

110 1113 238 1173 Phorco
255 1110 391 1173 Titane¹
408 1110 545 1174 verbum
560 1112 703 1194 legatur,
723 1133 820 1193 quem
834 1111 932 1174 Plato
949 1116 1196 1175 commemorat.
1221 1112 1393 1172 Postremo

111 1229 139 1291 si
154 1230 270 1311 regula
285 1230 392 1292 adhuc
408 1231 509 1307 valet,
532 1237 570 1292 ut
587 1229 693 1312 quivis
715 1230 856 1313 scriptor
872 1237 1032 1313 quantum
1048 1235 1161 1311 potest
1182 1229 1222 1292 de
1239 1250 1273 1292 ee
1290 1228 1394 1311 expli·

112 1354 218 1426 cetur,
246 1348 315 1430 ipse
338 1350 434 1412 Plato
460 1349 493 1412 in
517 1348 716 1432 Republica,
743 1349 875 1432 dialogo
902 1349 1073 1412 aTimaeo
1099 1371 1165 1411 non
1188 1349 1331 1412 mulium
1356 1354 1394 1410 ut

112 1466 226 1550 opinor
240 1474 388 1551 tempore
406 1469 554 1546 distanti,
579 1490 695 1532 senon
716 1475 787 1531 tam
803 1467 986 1531 Hesiodum
1008 1491 1106 1550 quam
1123 1468 1292 1551 Orpheum
1309 1467 1393 1529 eius-

70 1639 72 1642 .
112 1609 173 1668 que
190 1586 367 1650 familiares
383 1587 417 1650 in
433 1596 544 1651 mente
566 1589 720 1652 habuisse
737 1588 862 1651 indicat
878 1587 986 1651 verbis
1003 1610 1099 1650 usum
1119 1596 1193 1656 θεῶν
1207 1595 1320 1672 ἐκγόνοις
1339 1586 1393 1648 vel

110 1714 204 1774 παισίν.
243 1707 297 1770 Sic
323 1707 409 1770 enim
434 1707 549 1771 scribit
574 1709 664 1790 (Rep.
689 1708 736 1785 Π,
761 1711 822 1770 364·
843 1708 901 1790 El:
935 1715 1033 1793 βίβλων
1056 1717 1086 1774 δὲ
1109 1715 1211 1792 ὅμαδον
1234 1714 1395 1795 παρέχονται

111 1830 249 1893 Μουσαίου
269 1834 314 1893 καὶ
328 1832 465 1913 Ὀρφέως,
487 1836 629 1914 Σελήνης
648 1860 683 1895 τε
704 1835 757 1894 καὶ
778 1833 916 1895 Μουσῶν
936 1835 1087 1912 ἐγγόνων,
1109 1835 1146 1900 ῶς
1167 1824 1259 1912 φασι,’
1281 1829 1339 1891 καθ
1364 1833 1396 1898 ἃς

109 1952 285 2028 θυηπολοῶσι,
300 1954 436 2019 πείθοντες
445 1955 475 2014 ού
492 1955 571 2032 μόνον
580 1954 685 2021 ἰδιώτας
700 1955 769 2014 ἀλλὰ
783 1954 828 2013 καὶ
836 1954 935 2024 πόλεις,
952 1953 1051 2031 ὡςόίρα
1066 1952 1152 2018 λύσεις
1160 1975 1191 2012 τε
1206 1951 1250 2010 καλ
1258 1951 1395 2028 καθαρμοὶ

111 2067 285 2148 ἀδικημάτων
307 2071 352 2133 διοὶ
372 2074 472 2134 θυσιῶν
491 2075 536 2133 καὶ
556 2078 660 2139 παιδιᾶς
679 2076 782 2151 ἡδονῶν
802 2071 854 2132 εἰσὶ
875 2075 923 2150 μὲν
943 2072 981 2133 ’ἔτι
1003 2079 1094 2142 ζῶσιν,
1117 2070 1168 2130 εἰσὶ
1188 2072 1219 2130 δὲ
1239 2069 1284 2129 καλ
1303 2072 1396 2128 τελευι

109 2188 227 2266 τησασιν,
248 2191 278 2256 tl<
293 2188 330 2270 δὴ
352 2193 463 2258 τελετὰς
477 2196 610 2266 καλοῦσιν,
631 2193 657 2251 αἱ
671 2199 725 2253 τῶν
745 2193 804 2251 ἐκεῖ
815 2199 906 2253 κακῶν
927 2191 1084 2253 ἀπολύουσιν
1099 2190 1183 2268 ἡμᾶς,
1205 2185 1245 2267 μὴ
1261 2186 1398 2252 θύσαντας

110 2309 140 2367 δὲ
164 2306 238 2369 δεινοὶ
261 2312 403 2389 περιμένει.
448 2303 572 2385 Orphei
602 2302 705 2385 igitur
730 2302 957 2387 Theogoniam
986 2325 1052 2365 non
1075 2299 1215 2364 Hesiodi
1238 2298 1335 2361 Plato
1360 2296 1396 2360 in

110 2417 242 2482 Timaeo
259 2420 390 2484 videtur
406 2429 539 2485 secutus
556 2445 639 2487 esse.
669 2423 711 2485 Id
725 2423 814 2506 quod
830 2424 1041 2486 confirmatur
1057 2444 1106 2498 eo,
1125 2418 1213 2503 quod
1224 2418 1395 2501 Orpheum

110 2536 143 2599 in
159 2537 314 2603 Titanum
333 2564 468 2604 numero
486 2544 651 2605 Phorcum
671 2539 825 2606 habuisse
841 2542 930 2605 haud
946 2541 1015 2605 veri
1034 2539 1184 2603 absimile
1202 2544 1264 2602 est.
1300 2535 1393 2598 Ouae

111 2656 197 2719 enlm
211 2658 370 2741 leguntur
385 2662 473 2743 apud
487 2662 665 2724 Proculum
674 2663 700 2723 :³
720 2671 801 2730 τίκτει
816 2669 836 2748 ἡ
852 2671 893 2748 Γῆ
903 2712 928 2729 ··
938 2673 1069 2733 ..παῖδας
1091 2667 1188 2733 ἄλλους
1201 2663 1343 2730 τοσούτους

392 2777 472 2834 Κοῖόν
489 2801 518 2833 τε
537 2778 634 2854 Κρεῖόν
650 2801 679 2834 τε
698 2782 778 2852 μέγαν
797 2779 899 2854 Φόρκυν
915 2800 944 2833 τε
962 2780 1083 2852 κραταιὸν

390 2885 441 2936 καὶ
454 2880 552 2956 Κρόνον
569 2881 691 2936 Ὠκεανόν
709 2881 732 2936 θ’
747 2880 882 2956 Ὑπερίονά
899 2879 920 2935 τ’
936 2879 1053 2935 Ἰαπετόν
1070 2900 1099 2934 τε

109 2990 154 3049 καλ
167 2990 228 3057 τούς
237 2993 294 3071 ἅμα
308 2998 349 3072 τῷ
359 2994 473 3073 Φόρκυνι
487 2995 666 3073 προελθόντας
679 2991 840 3071 τδνΝηρέα,
855 2995 900 3053 τὸν
910 2992 1065 3071 Θαύμαντα,
1079 2988 1279 3070 τηνΕύρυβίην·
1294 2987 1325 3047 οὔ
1340 2982 1393 3064 γοίρ

109 3109 211 3172 ἐστινύ
233 3111 338 3193 Φόρκυς
360 3111 507 3194 Οὐρανίδης
528 3111 599 3175 ἀλλὰ
617 3105 746 3189 Πόντου,4
769 3116 806 3180 ὥς
827 3117 909 3191 δῆλον
929 3113 960 3172 ἐκ
979 3117 1027 3190 τῆς
1049 3109 1197 3187 Θεογονίας,
1219 3105 1308 3163 cerie
1330 3098 1393 3159 11⁰0

178 3311 187 3341 ¹
204 3312 319 3363 Phorcus
338 3315 414 3374 enim,
434 3314 520 3376 quiin
537 3313 689 3377 Theogonis
701 3313 808 3363 Hesiodi
827 3318 863 3377 (v.
878 3316 937 3372 237,
951 3315 1001 3360 270
1013 3327 1063 3375 sq„
1076 3307 1138 3372 333)
1158 3305 1277 3365 occurrit,
1296 3303 1393 3352 Terrae

109 3407 135 3448 et
151 3399 228 3448 Ponti
246 3399 313 3448 filius
332 3407 371 3448 est
388 3414 404 3447 a
422 3399 557 3447 Titanibus
576 3413 679 3461 prorsus
698 3399 820 3447 diversus.

176 3481 187 3512 ²
206 3483 311 3533 Scilicet
333 3485 426 3533 initiati
450 3482 569 3546 Orphicis
590 3484 718 3546 mysteriis
742 3485 782 3532 vel
806 3497 871 3546 quos
895 3496 973 3544 supra
996 3481 1109 3528 diximus
1132 3475 1274 3536 Hellanici,
1297 3473 1392 3522 Phere-

108 3569 187 3633 kydes
214 3570 309 3632 aliique
335 3570 460 3619 historici.
501 3569 640 3618 Ferebatur
666 3576 752 3618 autem
778 3571 901 3618 Musaeus
927 3566 1049 3628 Eumolpi
1077 3571 1101 3614 et
1129 3561 1244 3621 Selenes,
1273 3558 1391 3621 Orpheus

109 3654 203 3719 Oeagri
222 3664 247 3704 et
265 3653 395 3718 Calliopes
413 3655 489 3704 filius.
511 3683 541 3691 -
560 3656 601 3705 De
619 3671 667 3704 usu
685 3655 868 3704 vocabulorum
887 3651 989 3725 ἔκγονος
1008 3661 1033 3701 et
1051 3648 1152 3719 ἔγγονος
1173 3662 1255 3712 paene
1272 3645 1336 3694 nihil
1354 3643 1393 3698 di·

107 3756 181 3790 rerso
206 3741 249 3802 ct,
273 3756 338 3804 quae
362 3740 546 3790 Stallbanm
575 3741 681 3790 adnotat
704 3742 735 3789 ad
759 3740 828 3788 hunc
852 3739 938 3788 locum
961 3737 1128 3800 Reipublicae
1149 3735 1176 3782 in
1199 3733 1311 3782 editione
1335 3744 1391 3778 sua.

108 3824 229 3876 Ceterum
252 3836 353 3891 praeter
376 3827 511 3875 Musaeum
533 3828 610 3876 etiam
627 3826 708 3875 Linus
733 3825 786 3874 illis
809 3821 877 3876 θεῶν
896 3821 1007 3892 ἐκγόνοις
1025 3820 1216 3871 adscribendus.
1253 3814 1392 3866 Cui-enim

106 3927 159 3961 non
177 3913 205 3961 in
222 3921 333 3962 mentem
352 3912 456 3961 veniunt
473 3911 580 3975 Vergilii
598 3927 686 3961 versus
706 3912 779 3976 (Eol.
799 3916 824 3970 4,
845 3914 876 3958 55
890 3909 957 3974 rq.):

320 3997 379 4047 Non
396 4013 438 4047 me
457 3999 611 4047 carminibus
628 3998 714 4046 vincet
732 4011 779 4045 nec
797 3995 924 4044 Thracius
943 3991 1062 4056 Orpheus

320 4100 368 4134 nec
386 4085 476 4146 Linus,
496 4085 556 4133 huic
574 4092 655 4133 mater
672 4083 788 4146 quamvis
807 4088 884 4144 atque
901 4080 962 4128 huic
980 4086 1054 4142 pater
1071 4076 1146 4135 adsit,

323 4170 419 4233 Orphei
438 4168 581 4233 Calliopae,
600 4171 667 4218 Lino
686 4171 813 4218 formosus
830 4167 935 4230 Apollo.

176 4252 267 4320 “Aql.
283 4275 313 4320 ρ.
334 4261 393 4304 505.

175 4337 187 4368 ⁴
204 4342 246 4389 Ex
263 4341 420 4390 Lobeckii
440 4340 587 4404 conjectura
604 4354 651 4404 pro
669 4338 682 4390 ό
702 4334 804 4409 Φόρκυς
821 4338 895 4402 (Agl.
911 4354 942 4401 ρ.
963 4332 1033 4397 509).
