3038 4988
742 219 760 279 8

668 307 838 314 .—

109 442 210 481 unum
233 419 390 502 probant,
416 421 595 483 Proculum
618 420 652 483 in
674 419 864 503 Theogonis
891 418 1035 501 Orphica
1060 418 1160 482 etiam
1186 419 1225 482 de
1251 420 1393 502 quodam

109 539 238 600 Phorco
265 544 397 627 Οὐρανίδῃ
424 541 457 602 h.
484 561 512 603 e.
537 539 653 603 Titane
679 539 803 622 aliquid
828 538 954 601 dictum
977 537 1148 620 reperisse.
1196 538 1269 600 Oua
1294 561 1392 602 exre

110 656 257 739 quamvis
283 658 478 721 concludere
499 682 566 721 non
589 658 719 736 liceat,¹
742 659 916 721 Platonem
941 657 999 720 illo
1022 657 1146 721 Timaei
1169 658 1243 720 loco
1266 679 1307 721 ex
1327 681 1392 721 uno

110 775 289 858 eodemque
316 776 456 840 carmine
485 778 632 860 vulgaris
657 777 847 860 theologiae
872 776 1072 840 lineamenta
1102 776 1302 860 excerpsisse
1328 800 1392 860 quo

108 895 268 957 Proculus
293 918 370 957 usus
393 895 452 973 sit,
479 903 592 960 tamen
613 896 710 959 facile
736 896 806 959 fieri
830 895 955 979 potuit,
981 903 1019 957 ut
1044 896 1177 978 quidam
1201 896 1392 959 recentioris

109 1013 229 1076 aetatis
250 1015 524 1098 Pseudoorpheus
550 1037 590 1078 ex
614 1015 735 1078 veteris
759 1015 885 1098 Orphei
908 1015 993 1078 libro
1017 1037 1091 1077 cum
1116 1015 1274 1078 aliatum
1297 1014 1393 1077 illum

108 1133 275 1195 Phorcum
285 1133 437 1197 Titanem
454 1133 626 1198 delibaret.
653 1134 742 1197 Ouid
759 1134 864 1198 enim?
880 1135 1001 1197 Nonne
1012 1133 1276 1216 Rhapsodiarum
1291 1133 1392 1216 scrip-

108 1257 161 1313 tor
177 1274 323 1315 summae
340 1253 520 1336 impietatis
536 1275 597 1317 nec
612 1276 679 1316 non
694 1253 925 1336 imprudentia,
944 1253 1147 1316 damnandus
1165 1259 1263 1330 esset,
1281 1251 1309 1315 si
1323 1251 1392 1334 ipse

109 1370 235 1453 Orphei
249 1393 369 1434 nomen
385 1371 448 1435 sibi
457 1371 631 1435 induturus
648 1372 811 1436 sincerum
825 1379 924 1454 atque
940 1372 1128 1455 legitimum
1139 1371 1194 1454 qui
1209 1377 1281 1434 tum
1292 1372 1392 1435 habe·

108 1490 206 1553 batur
233 1490 402 1573 Orpheum
427 1513 559 1574 prorsus
584 1491 802 1573 neglexisset,
829 1492 907 1553 dum
928 1491 1109 1554 Homerum
1135 1497 1169 1554 et
1190 1490 1391 1553 Hesiodum²

108 1608 292 1672 sexcenties
309 1609 521 1673 imitabatur?
545 1611 617 1674 Nec
634 1610 754 1673 desunt
769 1610 804 1672 in
819 1609 897 1694 ipsis
914 1610 1042 1673 duobus
1058 1609 1207 1674 versibus
1223 1611 1391 1672 aProcnlo

107 1728 250 1806 traditis,
275 1751 357 1811 quae
375 1728 451 1792 huic
473 1730 681 1812 conjecturae
697 1727 843 1792 faveant.
881 1729 981 1811 Apud
997 1729 1178 1792 Hesiodum
1202 1728 1288 1792 enim
1309 1728 1392 1811 legi·

108 1870 195 1909 mus:
217 1856 285 1915 Γαῖα
299 1895 394 1916 ......

264 1963 371 2040 Οὐρανῷ
390 1966 529 2039 εὐνηθεῖσα
546 1966 599 2020 τέκ’
615 1965 737 2021 Ὠκεανὸν
757 1966 896 2039 βαθυδίνην

263 2066 344 2122 Κοῖόν
361 2089 390 2122 τε
409 2067 491 2141 Κρῖόν
508 2068 531 2123 θ’
547 2066 682 2143 Ὑπερίονά
700 2067 720 2122 τ’
737 2067 853 2122 Ἰαπετόν
871 2083 909 2130 τε,Ι

264 2169 342 2224 Θεῖοίν
359 2191 388 2224 τε
403 2169 491 2225 Ῥείαν
508 2191 537 2224 τε
557 2170 636 2242 Θέμιν
654 2191 682 2224 τε
701 2168 876 2243 Μνημοσύνην
893 2191 921 2224 τε

263 2271 362 2345 Φοίβην
380 2294 408 2327 τε
426 2275 629 2347 χρυσοστέφανον
642 2271 731 2345 Τηθύν
748 2270 768 2326 τ’
788 2273 920 2345 ἐρατεινήν
938 2274 1048 2338 (Theog.
1063 2289 1086 2322 v.
1103 2279 1149 2322 132
1163 2273 1225 2336 sq.).

108 2391 291 2455 Duodecim
321 2392 368 2456 ibi
398 2383 480 2455 sunt
500 2393 634 2457 Titanes
666 2400 700 2456 et
724 2392 904 2456 Titanidos.
952 2391 1018 2454 Cur
1048 2391 1151 2474 igitur
1180 2391 1214 2453 in
1239 2389 1393 2473 Orphiois

108 2511 306 2595 Rhapsodiis
321 2511 375 2574 hic
390 2512 546 2575 solemnis
562 2518 720 2588 δωδεκάδος
734 2533 889 2574 numerus
904 2510 1052 2573 abiectus
1068 2517 1129 2587 est,
1149 2531 1206 2573 cur
1220 2509 1392 2573 Titanibus

108 2631 255 2693 Phorcus
273 2630 479 2694 Titanidibus
495 2631 603 2695 Diona
620 2630 733 2694 addita
750 2632 819 2694 est⁸
836 2630 884 2693 ita
899 2637 937 2692 ut
953 2629 986 2692 in
1002 2628 1041 2691 iis
1059 2630 1266 2692 caneretur:4
1290 2637 1329 2715 Γῆ

264 2767 329 2820 darc
348 2770 395 2838 μὲν
414 2770 521 2827 εὐειδεῖς
539 2770 641 2840 αούρας,
661 2769 823 2829 abraduntur,
844 2768 929 2838 ἁγνάς,

266 2869 330 2923 ἕατα
349 2871 377 2923 δὲ
395 2872 489 2929 παῖδας
507 2870 619 2929 ἄνακτας
637 2869 750 2942 ἐγείνατο
769 2870 946 2943 λαχνήενταςί

179 3091 272 3142 ¹Nam
289 3102 391 3158 praeter
407 3095 457 3144 hoc
481 3110 569 3156 unum,
595 3097 664 3158 quod
682 3096 765 3144 simile
790 3103 836 3155 est,
862 3095 942 3143 multa
961 3101 1019 3143 sunt
1037 3094 1191 3144 discriminis
1215 3093 1311 3142 indicia
1328 3093 1395 3141 iuter

110 3180 272 3244 Rliapsodias
298 3188 322 3230 et
340 3181 455 3230 Platonis
474 3179 605 3244 Orpheum
628 3180 818 3230 intercedentis.
855 3181 978 3229 Timaeus
1003 3181 1072 3229 enim
1090 3195 1104 3228 a
1125 3179 1205 3228 Ocelo
1224 3172 1393 3227 omnes'deos

111 3266 232 3315 oriundos
250 3267 313 3315 facit
331 3274 355 3315 et
374 3265 507 3315 Oceanum
525 3266 647 3314 Titanum
668 3273 767 3330 patrem
788 3266 882 3315 habere
904 3267 1016 3327 videtur3
1040 3265 1208 3314 Proculianae
1231 3278 1291 3313 vero
1310 3263 1394 3312 Theo-

110 3351 202 3413 goniao
221 3358 310 3400 auctor
328 3350 460 3400 Oceanum
480 3350 583 3399 Saturni
606 3359 799 3414 ceterorumque
816 3352 938 3399 Titanum
960 3351 1064 3399 fratrem
1082 3350 1169 3413 fingit,
1188 3350 1224 3397 ita
1241 3356 1270 3397 ut
1288 3348 1393 3396 Titanes

110 3451 163 3484 non
181 3443 286 3498 nepotes
305 3437 350 3485 sed
369 3436 415 3484 liiii
428 3434 503 3485 Coeli
520 3437 666 3496 reddantur,
686 3443 711 3485 et
729 3436 778 3499 ipsi
797 3435 878 3484 Coelo
896 3436 962 3499 patri
980 3433 1121 3495 Chronum,
1141 3432 1227 3483 Chaos
1244 3433 1395 3482 Aetherem·

113 3535 171 3584 que,
191 3521 340 3580 Phanetem‚
361 3521 468 3570 Noctem
487 3522 635 3584 praemittit.

180 3603 248 3655 lDe
267 3606 380 3655 Homero
399 3608 433 3672 cf.
453 3607 515 3671 Api.
532 3624 562 3672 p.
583 3609 641 3665 517,
661 3610 707 3653 521
726 3607 760 3655 N.
777 3622 804 3671 y.
825 3609 873 3653 539
892 3605 951 3653 coll.
972 3608 1020 3654 607
1034 3622 1072 3669 sq.
1094 3609 1152 3663 546,
1173 3609 1229 3666 554,
1251 3607 1310 3663 558,
1331 3606 1394 3663 5923

112 3693 143 3740 de
161 3691 277 3740 Hesiodo
291 3710 320 3756 p.
342 3697 400 3753 504,
421 3696 478 3752 505,
499 3693 574 3752 5097,
600 3696 656 3754 542,
679 3696 736 3751 564,
758 3691 823 3740 5677
847 3690 929 3753 (Malo
954 3691 1094 3739 secundum
1116 3688 1276 3739 Lobeckii
1299 3688 1395 3751 Aglao-

111 3777 234 3840 phamum
247 3777 325 3825 citare
338 3791 414 3839 quam
427 3778 568 3826 secuudum
585 3776 763 3825 Mullachii
781 3776 960 3825 collectionem
972 3776 1171 3839 fragmentorum
1183 3774 1277 3836 philos.
1291 3771 1393 3833 Graec,

112 3862 173 3924 quia
190 3862 216 3909 in
233 3861 283 3909 hac
300 3863 381 3910 multa
404 3863 508 3922 desunt,
533 3861 614 3910 multa
636 3861 730 3908 mirum
748 3861 775 3908 in
798 3861 903 3908 modum
921 3861 1037 3920 confusa,
1064 3861 1199 3923 discerpta,
1220 3859 1395 3921 conglutinata

111 3945 249 4008 videntur).
288 3945 418 4010 Orpheum
441 3949 523 4010 magis
547 3948 579 3995 ab
604 3954 707 3995 auctore
725 3946 871 3995 Hesiodeae
892 3946 1047 4008 theogoniae
1066 3952 1215 4008 excerptum
1240 3958 1296 3992 esse
1315 3941 1395 3992 Ger-

111 4033 191 4081 hard
217 4033 246 4097 (l.
267 4046 288 4080 c.
308 4048 334 4095 p.
355 4037 385 4080 58
404 4032 436 4080 N.
458 4036 488 4082 75
514 4040 539 4081 et
562 4034 642 4082 Ueber
659 4035 700 4082 dic
718 4034 871 4082 Ιιεοίοάίσσύα
891 4033 1028 4096 Theogonis
1054 4029 1158 4095 [Berlin
1183 4027 1268 4093 1856],
1287 4043 1312 4090 p.
1334 4027 1394 4091 139)

113 4125 138 4167 et
161 4118 192 4166 R.
211 4118 332 4166 Merkel
355 4117 529 4183 (Philologus,
553 4119 647 4178 XVII,
672 4123 719 4166 138
736 4117 787 4182 sq.)
812 4117 996 4166 iudicaverunt.
1034 4114 1086 4164 Sed
1109 4115 1142 4163 cf.
1161 4129 1228 4176 quae
1251 4113 1319 4162 infra
1342 4114 1395 4162 dic-

112 4211 183 4252 turus
202 4219 267 4252 sum.

181 4285 272 4354 ³A9l.
288 4307 320 4354 p.
341 4293 397 4337 505.

180 4371 192 4402 ⁴
209 4375 333 4424 Proculus
351 4376 378 4424 in
399 4376 461 4424 Tim.
481 4376 521 4433 ΙΙ,
544 4377 589 4423 107
610 4377 634 4424 Β
652 4375 704 4438 (ed.
725 4374 885 4436 Schneider).
