3038 4988
736 229 775 287 52

115 432 238 496 ferat?l
270 431 381 494 Verba
397 438 509 493 autem
524 430 722 512 „Orpheum
738 435 871 512 poetam
888 428 987 491 docet
1003 427 1204 491 Aristoteles
1220 450 1399 510 numquam

114 551 242 614 fuisse“
259 550 340 613 satis
356 549 463 612 obiter
479 573 497 612 a
511 548 669 612 Cicerone
685 548 772 610 inter
788 547 861 625 alia,
877 546 996 629 quibus
1011 546 1234 610 adversarium
1247 546 1400 610 refellere

114 670 264 747 studeat,
287 675 482 751 argumenta
503 667 613 751 posita
634 667 689 730 vix
710 667 758 729 ita
778 666 956 750 premenda
976 665 1146 743 videntur,
1169 673 1207 728 ut
1229 666 1343 729 locum
1367 665 1401 729 in

115 787 294 872 deperditis
319 786 511 850 Aristotelis
535 786 629 849 libris
655 787 817 869 fingamus
843 807 978 848 necesse
1003 784 1063 862 sit,
1089 784 1147 848 ubi
1174 785 1263 848 haud
1291 785 1400 849 dubiis

114 907 223 971 verbis
247 908 418 990 Orpheum
440 928 596 988 umquam
619 905 720 968 fuisse
744 912 902 987 negatum
926 903 1037 967 fuerit.
1082 903 1148 967 Cur
1172 903 1259 967 enim
1284 903 1399 968 Cicero

114 1049 181 1090 non
198 1048 238 1090 ex
255 1026 348 1090 libris
367 1027 408 1089 de
423 1025 546 1088 Anima
565 1024 608 1107 (I,
627 1029 661 1102 5,
685 1048 715 1108 p.
734 1028 808 1088 410.
827 1028 901 1107 628)
924 1031 958 1088 et
979 1024 1019 1087 de
1036 1023 1240 1086 Animalium
1262 1045 1399 1105 genera-

113 1146 205 1209 tione
222 1146 280 1229 (II,
300 1149 329 1223 l,
347 1167 380 1228 p.
400 1148 461 1209 734
477 1166 495 1206 a
513 1147 563 1226 19)
570 1193 579 1221 ,
604 1143 660 1206 ubi
683 1165 724 1206 ex
739 1149 875 1230 Ὀρφικοῖς
896 1151 971 1212 ’ἔπεσι
992 1152 1219 1230 καλουμένοις
1240 1143 1400 1205 nonnulla

115 1267 304 1342 afferuntur,
321 1263 494 1346 collegerit
507 1263 612 1346 magis
626 1285 723 1345 quarn
737 1261 899 1340 didicerit,
915 1262 1133 1352 Aristotelem
1146 1262 1275 1339 docere,
1291 1260 1400 1324 omnia

116 1383 240 1466 Orphei
257 1396 355 1466 opera
371 1382 602 1446 commenticia
617 1403 688 1445 esse
705 1403 882 1463 eorumque
899 1387 1068 1444 auctorem
1083 1380 1286 1444 tralaticium
1305 1402 1399 1442 num-

115 1525 212 1584 quam
228 1501 350 1564 fuisse?
380 1503 505 1565 Verum
522 1502 566 1565 sit
582 1523 671 1578 sane,
689 1500 722 1563 id
739 1501 826 1582 quod
842 1500 975 1583 plurimi
990 1501 1119 1579 volunt,
1138 1507 1247 1563 certus
1264 1507 1299 1562 et
1315 1498 1399 1562 dilu-

116 1620 207 1685 cidus
231 1621 361 1698 locuS,⁹
392 1642 488 1703 quem
514 1620 628 1683 Cicero
657 1619 828 1703 respiciat,
856 1618 934 1701 quid
963 1619 1009 1682 ibi
1038 1618 1151 1683 docuit
1177 1618 1399 1682 Aristoteles?

115 1739 318 1822 PhlIOPOHUS
335 1740 377 1803 ad
392 1741 492 1803 verba
508 1739 548 1802 de
565 1741 630 1801 An·
648 1739 680 1816 Ῑ,
700 1743 735 1801 5:
759 1748 815 1807 ὁὲν
829 1751 883 1813 τοῖς
896 1745 1032 1827 Ὀρφικοῖς
1048 1747 1123 1806 ἔπεσι
1136 1747 1308 1824 καλουμένοις
1323 1741 1402 1823 λόγος

114 1860 196 1922 haec
213 1858 367 1920 adnotat:
390 1866 573 1945 Καλουμένοις
588 1865 661 1940 εἶπε,
682 1867 775 1944 ἐπειδὴ
798 1868 835 1945 μὴ
857 1864 1067 1945 δοκεῖὈρφέως
1089 1865 1152 1926 εἶναι
1171 1867 1206 1926 τὰ
1225 1863 1277 1942 ἔπη
1300 1868 1337 1931 ὥς
1357 1865 1401 1924 καὶ

116 1986 195 2053 αὐτὸς
209 1986 236 2044 ἐν
249 1990 303 2052 τοῖς
317 1985 378 2063 περὶ
392 1986 547 2064 φιλοσοφίας
562 1987 645 2063 λέγει·
667 1986 750 2047 αὐτοῦ
766 1988 814 2064 μὲν
828 1987 878 2064 γάρ
895 1986 944 2046 εἰσι
957 1983 994 2047 ud
1009 1987 1145 2064 δόγματα·
1166 1989 1252 2045 ταῦτα
1272 1986 1303 2043 δέ
1324 2007 1401 2061 φασιν

116 2097 225 2182 (passui
246 2094 321 2158 vide
343 2116 424 2176 quae
446 2096 487 2158 ad
509 2096 690 2178 marginem
711 2096 881 2180 adscripsi)
898 2102 1090 2184 ’θαμάαρααα
1110 2105 1136 2164 ἐν
1158 2102 1233 2163 ἔπεα
1252 2106 1402 2163 ααααταῖααα

116 2214 175 2298 (sic
190 2213 423 2277 Lobeckius
444 2237 501 2297 pro
522 2224 676 2284 καταθεῖναι
691 2216 771 2299 Agl.
792 2239 824 2299 p.
843 2219 905 2280 349
922 2217 966 2278 N.
996 2238 1014 2278 a
1033 2222 1118 2299 etp.
1142 2216 1227 2297 757).
1260 2213 1353 2277 Quae
1373 2211 1401 2274 si

184 2418 193 2448 ¹
205 2422 287 2469 Miror
299 2421 377 2483 igitur
388 2419 589 2470 Lobeckium
605 2421 758 2469 scribentem
772 2422 846 2485 (Aql.
856 2440 887 2486 p.
901 2421 976 2484 349):
991 2422 1139 2485 „discrepat
1152 2419 1245 2470 Cicero
1259 2418 1401 2482 Cercopem

115 2506 146 2554 ab
168 2506 308 2554 Aristotele
330 2505 428 2554 fraudis
450 2505 606 2568 appellatum
629 2507 746 2555 diccns“.
769 2534 797 2541 -
817 2506 884 2554 Illud
910 2506 1032 2567 ‚,ferunt“
1055 2507 1146 2555 recinit
1172 2521 1230 2554 cum
1247 2504 1358 2553 Diodori
1378 2512 1402 2552 et

116 2590 211 2640 Suidae
228 2591 293 2639 locis
312 2605 389 2653 snpra
406 2590 490 2639 allatis
510 2598 564 2638 tum
582 2591 609 2637 in
627 2591 739 2653 Tatiani,
761 2589 902 2640 Clementis
914 2592 1095 2651 Alexandrini,
1115 2591 1259 2653 Philoponi,
1279 2589 1400 2638 Aristidis

116 2675 275 2725 Scholiastae
294 2677 362 2726 notis
381 2690 481 2738 semper
499 2674 635 2722 formulam
652 2673 726 2744 <pasis
745 2677 931 2740 usurpantium,
944 2677 987 2725 ubi
1007 2678 1037 2725 de
1055 2677 1121 2724 veris
1142 2677 1295 2738 scriptorum
1309 2673 1401 2738 Orphi-

116 2777 204 2811 corum
222 2762 368 2811 auctoribus
387 2761 547 2822 conjecturas
565 2760 671 2808 faciunt.

184 2843 194 2874 ²
211 2847 325 2895 Primum
343 2845 495 2894 vocabulum
512 2845 638 2906 „docet“,
658 2858 708 2906 quo
724 2841 816 2892 Cicero
833 2861 895 2894 usus
914 2853 961 2905 est,
981 2846 1094 2895 indicare
1112 2846 1220 2906 videtur,
1234 2845 1402 2899 Aristotelem

115 2933 212 2981 alicubi
230 2933 361 2995 aliquanto
384 2930 467 2978 fusius
490 2937 515 2980 et
533 2931 593 2978 data
616 2944 695 2993 opera
712 2930 743 2978 de
763 2928 859 2992 Orphei
877 2939 960 2981 aetate
979 2933 1139 2981 disseruisse.
1177 2930 1252 2992 Quod
1270 2940 1357 2981 tamen
1375 2931 1401 2978 in

115 3018 181 3066 libro
206 3019 237 3066 de
261 3017 349 3065 Poetis
377 3031 434 3064 eum
461 3015 553 3064 fecisse
581 3014 695 3079 (Bode,
720 3014 738 3064 l.
759 3032 780 3064 c.
796 3031 827 3079 p.
847 3014 904 3077 35),
932 3017 1017 3065 minus
1045 3017 1204 3066 crediderim.
1242 3016 1401 3079 Philoponus

117 3103 185 3151 enirn
202 3100 285 3149 verbis
303 3100 370 3148 infra
388 3100 511 3162 appositis
528 3099 608 3148 libros
627 3100 658 3148 ds
676 3098 847 3162 Philosophia
864 3100 987 3160 nominat,
1012 3102 1056 3150 ubi
1074 3102 1228 3150 Aristoteles
1247 3102 1277 3149 de
1297 3098 1401 3163 Orpheo

117 3187 223 3249 ejusque
242 3185 343 3249 scriptis
362 3192 481 3233 accurate
499 3184 685 3247 disceptaverit.
722 3182 875 3232 Ciceronem
898 3191 984 3232 autem
1007 3188 1115 3235 cundem
1133 3193 1211 3249 atque
1229 3186 1402 3248 Philoponum

118 3271 211 3320 librum
229 3271 255 3318 in
273 3277 358 3318 mente
376 3269 506 3329 habuisse,
525 3269 584 3317 inde
603 3268 706 3330 colligo,
727 3269 795 3330 quod
813 3283 865 3317 non
883 3269 963 3317 multo
982 3277 1041 3318 ante
1060 3270 1105 3333 (N.
1120 3274 1156 3321 D.
1175 3272 1198 3330 I,
1214 3275 1254 3319 13.
1268 3271 1313 3333 33)
1333 3271 1402 3319 tertii

117 3359 149 3405 de
176 3355 343 3418 Philosophia
368 3354 426 3403 libri
453 3353 605 3402 meminerat
631 3351 676 3417 (cf.
704 3353 860 3414 Brundis,
890 3355 907 3404 l.
929 3373 950 3404 c.
971 3356 1010 3414 II,
1029 3363 1056 3411 11,
1085 3361 1141 3421 lp.
1162 3362 1203 3418 83,
1224 3362 1256 3405 84
1275 3358 1309 3407 N.
1331 3358 1400 3418 127).

117 3441 171 3490 Nec
195 3441 270 3490 video
294 3441 373 3488 ullam
394 3440 461 3487 inter
482 3453 521 3498 ea,
546 3453 612 3500 quae
631 3436 723 3487 Cicero
742 3444 767 3487 et
784 3438 943 3502 Philoponus
966 3440 1050 3499 tradit,
1074 3440 1280 3503 discrepantiam.
1317 3441 1403 3490 Philo·

117 3540 200 3590 ponus
220 3527 287 3574 enim
305 3526 337 3574 dc
354 3524 493 3573 Aristotele
511 3523 575 3572 nihil
593 3524 663 3584 dicit,
682 3524 735 3572 nisi
754 3538 812 3573 eum
831 3525 957 3587 quaedam
971 3522 1086 3588 Orphica
1103 3527 1217 3575 carmina
1233 3541 1286 3574 non
1304 3527 1336 3575 ab
1356 3524 1403 3576 Or·

117 3611 184 3674 pheo
209 3612 304 3674 scripta
326 3618 430 3674 putasse
453 3610 479 3658 h.
500 3623 522 3658 e.
548 3617 675 3672 poetam
700 3607 831 3672 Orpheum
853 3625 993 3672 numquam
1016 3609 1097 3658 fuisse
1122 3611 1291 3660 existimasse.
1329 3609 1403 3671 Quae

117 3710 194 3759 porro
222 3696 292 3745 addit
319 3692 396 3746 αὐτοῦ
424 3694 472 3761 μὲν
497 3692 545 3766 γὰρ
567 3693 635 3754 arla,
664 3695 695 3743 de
723 3709 770 3744 suo
792 3695 856 3743 mihi
880 3695 991 3757 adjicere
1012 3695 1111 3744 ridetur
1133 3695 1230 3758 absque
1254 3695 1403 3744 Aristotelis

118 3782 277 3830 auctoritate.
306 3780 359 3829 Vix
376 3782 444 3830 enim
457 3782 542 3839 credo,
562 3781 625 3829 illud
637 3777 722 3850 φησιν,
741 3781 810 3842 quod
822 3781 928 3843 praebet
944 3781 1131 3830 Lobeckius
1150 3781 1246 3843 aliique
1258 3787 1318 3843 post
1335 3794 1402 3839 eum,

119 3867 245 3915 sinceram
267 3879 324 3914 esse
348 3865 492 3914 lectionem.
529 3866 616 3914 Bode
636 3866 667 3930 (l.
687 3883 709 3914 o.
725 3883 755 3930 p.
776 3869 807 3914 48
827 3865 862 3914 Ν.
882 3864 909 3928 2)
933 3866 996 3928 legit
1019 3863 1102 3935 φασίν.
1138 3865 1274 3928 Equidem,
1301 3879 1359 3914 cum
1377 3867 1404 3912 in

118 3951 275 4000 bibliotheca
285 3949 417 4013 Lipsiensi
429 3950 565 4014 Philoponi
584 3952 782 4000 commentarius
800 3951 833 3999 ad
851 3951 945 3999 librum
963 3952 994 4000 ds
1007 3951 1102 4000 Anima
1120 3952 1228 4011 deesset,
1247 3949 1311 3998 nihil
1329 3950 1403 4012 potui

119 4036 273 4098 dijudicare,
297 4035 341 4083 sed
365 4035 487 4096 quoniam
509 4036 587 4084 lectio
610 4033 685 4106 φασίν
707 4050 759 4084 non
783 4036 867 4086 minus
891 4036 928 4085 illi
952 4037 1073 4097 „ferunt“
1098 4051 1114 4084 a
1133 4034 1258 4084 Cicerone
1281 4044 1403 4098 usurpato

119 4136 197 4184 quam
223 4119 328 4180 Suidae,
355 4119 474 4179 Diodori,
501 4120 614 4182 Tatiani,
643 4119 783 4171 Clementis
809 4122 897 4182 Alex„
927 4122 1048 4170 Aristidis
1076 4119 1236 4170 Scholiastae
1262 4120 1329 4168 locis
1357 4120 1402 4182 (cf.

119 4207 205 4256 Bode
225 4208 244 4256 l.
264 4205 299 4271 ο.)
325 4206 478 4255 unanimiter
496 4203 570 4276 porcis
587 4207 753 4256 scribentium
771 4209 867 4270 optime
884 4207 1003 4256 convenit
1021 4221 1102 4269 eaque
1120 4207 1237 4255 restituta
1255 4205 1337 4253 omnis
1355 4205 1403 4253 tol·

120 4292 180 4340 litur
203 4293 269 4341 inter
291 4289 443 4342 Ciceronem
466 4298 491 4341 ct
513 4291 685 4354 Philoponum
712 4293 839 4341 dissensio
862 4291 935 4356 (Agl.
951 4308 981 4355 p.
1002 4291 1077 4352 ³49),
1106 4291 1161 4339 iure
1188 4290 1250 4339 mibi
1274 4289 1403 4353 praeferre

120 4377 207 4426 videor
225 4377 320 4425 Bodii
340 4377 491 4441 scripturam
509 4371 591 4446 φασίν.
