3038 4988
738 221 778 280 49

112 432 167 493 ποὺ
182 437 230 510 τῆς
244 428 333 508 κνίσης
346 438 400 490 τῶν
415 429 577 507 ὀπτωμένων
591 436 678 507 κρεῶν
693 432 868 508 μεταλαβὼν,
887 431 919 509 ἧς
934 434 967 508 δὴ
982 433 1013 492 τὸ
1029 433 1107 511 γέρας
1122 438 1214 515 λαχεῖν
1229 435 1402 512 ὁμολογοῦσιν

80 616 86 625 ,
114 551 192 630 ὑμῶν
206 551 231 610 oi
240 550 301 610 θεολ
316 541 376 624 (II.
393 540 454 618 IV,
472 543 536 623 49),
554 553 675 627 κεραυνῷ
691 548 872 616 τοὺςΤιτᾶνας
887 549 1014 618 αἰκίζεται
1029 552 1116 612 καὶτὰ
1131 553 1200 630 μέλη
1216 554 1263 612 τοῦ
1274 549 1401 613 Διονόσου

119 667 265 730 Ἀπόλλωνι
277 674 318 748 τῷ
332 669 406 728 παιδλ
419 668 667 746 παρακατατίθεται
681 667 846 747 καταθάψαι.
870 670 884 728 ό
900 671 946 744 δὲ,
965 669 997 729 οό
1012 671 1063 750 γὰρ
1078 671 1213 750 ἠπείθησε
1228 673 1281 744 Διὶ,
1303 670 1341 737 εἰς
1358 673 1402 731 τὸν

116 788 273 867 Παρνασσὸν
288 789 376 866 φέρων
389 786 561 847 κατατίθεται
580 787 772 864 διεσπασμένον
788 788 832 847 τόν
847 783 965 866 νειιρόν.ι
997 781 1043 843 Et
1064 780 1186 846 idem:⁹
1208 789 1305 870 Εὖροις
1325 789 1350 850 δ’
1372 791 1403 851 ἂν

113 907 162 966 καὶ
176 903 299 986 Ὅμηρον
312 907 357 968 τὸν
372 907 454 984 μέγαν
468 907 580 984 ποιητὴν
595 907 682 966 ἐκεῖνα
697 907 732 966 τὰ
748 905 815 984 έπη·

391 1016 444 1070 οἷον
464 1017 492 1071 δὲ
510 1017 597 1088 τρέφει
616 1016 686 1088 ἔρνος
705 1017 769 1088 ἀνὴρ
789 1016 908 1090 ἐριθηλὲς
927 1019 1017 1091 ἐλαίης

114 1127 162 1189 καὶ
178 1128 213 1188 τὰ
228 1125 288 1206 ἑξῆς
307 1128 377 1187 κατὰ
392 1124 457 1194 λέξιν
477 1127 675 1208 μετενηνοχότα
689 1125 923 1207 παρ”θρφέως
941 1131 977 1190 ἐκ
997 1135 1055 1190 τοῦ
1077 1127 1241 1191 Διονύσου
1264 1132 1402 1208 ἀφανισ-

115 1251 191 1325 μοῦ.
214 1246 247 1306 έν
273 1270 309 1306 τε
337 1250 377 1326 τῇ
400 1244 565 1324 Θεογονίᾳ
593 1246 635 1306 ἐπὶ
660 1249 709 1306 τοῦ
731 1246 836 1325 Κρόνου
855 1245 955 1327 Ὀρφεῖ
972 1249 1115 1326 πεποίηται
1136 1254 1193 1309 κτλ.
1237 1241 1402 1305 Diodorus

116 1358 264 1421 autem³2
282 1365 384 1426 Τοῦτον
398 1365 521 1424 τὸνθεόν
535 1366 666 1442 γεγονέναι
681 1365 759 1444 φασὶν
774 1367 804 1425 ἐκ
819 1367 880 1432 Διὸς
893 1367 938 1426 καὶ
954 1367 1125 1446 Περσεφόνης
1139 1369 1209 1428 κατὰ
1223 1370 1271 1446 τὴν
1282 1367 1402 1446 Κρήτην,

673 1453 684 1479 0

115 1485 147 1545 ὃν
164 1482 283 1563 Ὀρφεὺς
304 1486 390 1544 κατὰ
412 1485 472 1551 τὰς
492 1485 637 1551 τελετὰς
658 1485 802 1562 παρέδωκε
825 1487 1009 1564 διασπώμενον
1030 1487 1082 1546 ὑπὸ
1103 1493 1157 1547 τῶν
1179 1487 1304 1547 Τιτοίνων.
1341 1477 1402 1540 His

117 1594 221 1678 igitur
235 1594 327 1658 nisus
342 1592 560 1658 testimoniis4
579 1593 792 1657 Gisehius⁶
813 1595 999 1674 contendit,
1022 1596 1162 1681 Dionysi
1183 1598 1316 1661 caedem
1336 1619 1400 1660 non

118 1713 153 1776 in
168 1714 356 1796 Theognis,
378 1735 475 1796 quam
498 1712 651 1775 Clemens
672 1712 782 1775 verbis
803 1721 830 1782 ἕο
848 1746 878 1782 τε
898 1721 932 1802 τῇ
954 1723 1080 1803 Θεογονίᾳ
1100 1717 1197 1799 plane
1218 1716 1403 1798 distinguat

117 1855 138 1895 a
153 1831 237 1895 libro
250 1840 378 1911 ,Διονύσου
394 1840 540 1919 ἀφανισμός
554 1831 728 1915 inscripto,
752 1832 810 1895 sed
826 1832 861 1895 in
876 1855 941 1895 una
957 1854 997 1896 ex
1015 1833 1082 1896 illis
1098 1843 1226 1911 Τελεταῖς
1246 1835 1403 1919 scriptam

117 1949 220 2014 fuisse
244 1950 285 2013 ab
310 1951 544 2014 Οιιοιιιαοιίπο6
570 1951 630 2012 sub
655 1950 787 2013 nomine
811 1951 937 2033 Orphei
962 1952 1071 2016 editis.
1110 1955 1155 2017 Et
1179 1954 1328 2039 proiecto
1355 1954 1403 2017 in·

117 2069 223 2153 signis
238 2069 302 2133 iste
317 2078 417 2153 poeta
432 2068 549 2132 melius
567 2091 683 2132 causae
700 2090 778 2132 suae
797 2070 978 2149 consuluit,
1001 2071 1028 2135 si
1049 2073 1298 2156 mysteriorum,
1320 2094 1402 2156 quae

119 2189 284 2267 condidit,
308 2187 528 2271 Orphicorum
549 2196 583 2251 et
604 2188 925 2271 interpretandorum
949 2197 982 2254 et
1007 2191 1281 2255 stabiliendorum
1306 2214 1403 2255 causa

119 2329 251 2371 carmen
267 2307 448 2392 scripturus
464 2310 588 2391 hymno
605 2307 754 2374 modico>⁷
771 2308 888 2391 Zagrei
905 2316 1012 2374 ortum
1019 2359 1030 2388 ,
1051 2311 1295 2390 educationem,
1317 2310 1403 2374 inte·

118 2427 236 2506 ritum,
266 2428 471 2510 sepulturam
493 2426 655 2505 narravit,
686 2449 784 2509 quam
807 2427 834 2488 si
857 2427 986 2510 ingenti
1008 2430 1209 2513 theogoniae
1232 2431 1319 2494 mole
1348 2452 1403 2494 ex·

118 2553 248 2608 structa
264 2547 325 2609 suh
343 2546 468 2610 calcem
484 2545 622 2628 episodii
637 2545 742 2608 instar
758 2567 829 2608 eam
845 2546 966 2610 adiecit
982 2547 1169 2626 historiam,
1192 2551 1285 2634 cujus
1302 2549 1403 2612 solius

118 2664 228 2748 gratia
247 2666 288 2728 ad
310 2665 519 2728 scribendum
542 2665 686 2728 animum
708 2664 894 2728 induxerat.
928 2665 984 2728 Sin
1007 2666 1078 2749 quis
1095 2666 1236 2751 Dionysi
1256 2667 1404 2731 fabulam

119 2807 186 2848 non
209 2784 243 2847 in
265 2784 408 2848 transitu
432 2785 588 2862 relatam,
613 2784 672 2847 sed
695 2783 739 2847 ita
763 2783 798 2846 in
821 2784 886 2847 fine
911 2785 1111 2868 theogoniae
1135 2787 1278 2868 positam
1303 2786 1404 2850 fuisse

189 3005 256 3057 ¹Dc
282 3008 330 3057 hac
358 3008 488 3072 sepultura
514 3008 610 3056 Bacchi
638 3008 670 3056 ab
698 3007 821 3071 Apolline
849 3008 958 3072 Delphis
985 3009 1053 3058 facta
1080 3010 1114 3058 cf.
1133 3012 1196 3075 Agyl.
1212 3028 1241 3075 p.
1262 3015 1361 3075 558sq.
1381 3018 1406 3060 et

115 3080 147 3159 p.
168 3097 267 3158 filsssq.

188 3175 313 3230 2δίτονα.
329 3197 359 3244 ρ.
381 3184 439 3228 751.

189 3260 200 3291 ³
222 3265 252 3325 V,
275 3266 315 3312 75.

188 3346 357 3398 ⁴Addendus
384 3350 484 3398 videtur
511 3349 576 3398 alius
602 3350 712 3398 Diodori
739 3349 812 3398 locus
839 3351 900 3408 III,
927 3355 972 3399 61:
1001 3345 1131 3418 Σόμφωνα
1159 3349 1188 3401 δὲ
1214 3348 1310 3406 τούτοις
1338 3350 1405 3412 (scil.

121 3433 244 3485 Cererem
261 3442 363 3495 terram,
380 3434 512 3483 Bacchum
530 3435 625 3495 vinum,
645 3433 700 3496 ejus
719 3436 847 3484 occisores
866 3435 992 3498 agricolas
1011 3435 1079 3498 esse)
1098 3432 1163 3486 εἶναι
1174 3435 1207 3487 τά
1218 3453 1247 3486 τε
1260 3433 1408 3504 δηλούμενα

121 3517 164 3570 διὰ
181 3527 233 3570 τῶν
249 3514 377 3590 Ὀρφικῶν
401 3518 552 3588 ποιημάτων
576 3518 621 3570 καὶ
642 3518 675 3570 τὰ
698 3519 964 3591 παρεισαγόμενα
987 3518 1072 3571 κατὰ
1093 3518 1149 3576 τὰς
1171 3519 1325 3579 τελετὰς,
1350 3521 1409 3592 περὶ

120 3605 158 3656 ὦν
181 3601 210 3654 οὐ
235 3601 310 3672 θέμις
334 3608 388 3661 τοῖς
412 3603 536 3672 ἀμυήτοις
561 3603 668 3675 ἱστορεῖν
690 3603 723 3656 τὰ
747 3603 815 3656 κατὰ
840 3604 925 3676 μέρος.
962 3606 1011 3654 Hic
1035 3606 1113 3668 igitur
1136 3606 1230 3669 scripta
1255 3604 1369 3670 Orphica
1393 3622 1408 3656 ιι

120 3691 248 3753 mysteriis
273 3687 318 3755 (τὰ
341 3688 545 3759 παρεισαγόμενα
566 3688 634 3740 κατὰ
658 3688 704 3746 τολς
726 3689 841 3754 τελετάς)
866 3691 1065 3754 distinguuntur,
1091 3690 1128 3738 ita
1151 3698 1180 3739 ut
1196 3691 1292 3753 ambigi
1316 3692 1407 3755 possit,

121 3783 207 3824 utrum
225 3776 302 3825 verba
318 3770 428 3846 Ὀρφεὺς
446 3772 514 3826 κατὰ
532 3772 578 3831 τὰς
595 3774 702 3832 τελετάς
719 3776 745 3824 in
764 3783 836 3825 textu
854 3776 973 3840 apposita
991 3776 1106 3825 similiter
1124 3777 1155 3825 de
1171 3776 1308 3840 mysteriis,
1327 3792 1360 3825 an
1378 3778 1409 3824 de

122 3861 189 3910 libro
215 3862 261 3911 illo
285 3857 396 3912 Τελεταί
422 3862 544 3925 inscripto
568 3861 735 3925 intelligenda
761 3862 820 3912 sint.
857 3861 987 3922 Quoniam
1011 3868 1097 3910 autem
1121 3861 1251 3910 Diodorus
1275 3862 1337 3924 quid
1363 3860 1410 3910 Or·

121 3946 204 4010 pheus
227 3947 254 3994 in
276 3947 316 3994 his
339 3945 457 4002 τελεταῖς
480 3947 612 3996 tradiderit
634 3947 718 3995 dicere
741 3954 929 4008 non-veretur,
956 3962 998 3996 eas
1021 3947 1133 3996 diversas
1155 3947 1236 3995 fuisse
1260 3947 1354 4009 colligo
1377 3946 1408 3994 ab

123 4030 185 4090 iliis,
204 4029 262 4100 περὶ
280 4031 316 4081 ὧν
334 4027 363 4081 οὐ
382 4027 456 4098 θέμις
473 4035 527 4086 τοῖς
546 4029 669 4098 ἀμυήτοις
691 4029 807 4101 ἱστορεῖν.

191 4111 310 4165 ὅΙΙΙιιιόιι.
330 4118 411 4176 Mna,
434 4117 508 4167 VIII
518 4134 547 4182 p.
569 4118 599 4164 76
612 4133 651 4181 sq.

192 4196 263 4250 θοι.
283 4202 392 4262 Ritsohl,
413 4204 431 4252 ι.
453 4221 475 4252 0.
495 4204 519 4261 Ι,
539 4207 598 4252 240.

194 4283 204 4314 ⁷
221 4286 263 4334 Ita
280 4287 307 4334 in
326 4287 428 4350 hymnis
441 4287 585 4336 Homericis
604 4287 684 4336 multa
702 4296 837 4336 narrantur
850 4289 880 4336 de
893 4287 1031 4350 Apollinis,
1044 4287 1153 4350 Dionysi
1165 4286 1282 4336 Thebani
1295 4287 1333 4350 (h.
1346 4285 1409 4348 VII)

124 4370 285 4434 aliorumque
304 4373 410 4421 deorum
428 4373 487 4422 fatis
506 4380 532 4421 et
549 4372 626 4421 rebus
645 4373 733 4435 gestis.

1181 4461 1197 4506 4
