<?xml version="1.0" encoding="UTF-8"?>
<!DOCTYPE html PUBLIC "-//W3C//DTD XHTML 1.0 Transitional//EN"
    "http://www.w3.org/TR/xhtml1/DTD/xhtml1-transitional.dtd">
<html xmlns="http://www.w3.org/1999/xhtml" xml:lang="en" lang="en">
 <head>
  <title>
</title>
<meta http-equiv="Content-Type" content="text/html;charset=utf-8" />
  <meta name='ocr-system' content='tesseract 3.04.00' />
  <meta name='ocr-capabilities' content='ocr_page ocr_carea ocr_par ocr_line ocrx_word'/>
</head>
<body>
  <div class='ocr_page' id='page_1' title='image "./deveterisorphic01schugoog_0080.png"; bbox 0 0 3038 4988; ppageno 0'>
   <div class='ocr_carea' id='block_1_1' title="bbox 682 215 720 280">
    <p class='ocr_par' dir='ltr' id='par_1_1' title="bbox 682 215 720 280">
     <span class='ocr_line' id='line_1_1' title="bbox 682 215 720 280; baseline 0.026 -1"><span class='ocrx_word' id='word_1_1' title='bbox 682 215 720 280; x_wconf 85' lang='grc'><strong>71</strong></span> 
     </span>
    </p>
   </div>
   <div class='ocr_carea' id='block_1_2' title="bbox 59 418 1413 2174">
    <p class='ocr_par' dir='ltr' id='par_1_2' title="bbox 59 418 1413 2174">
     <span class='ocr_line' id='line_1_2' title="bbox 60 418 1340 502; baseline 0 -21"><span class='ocrx_word' id='word_1_2' title='bbox 60 419 223 502; x_wconf 86' lang='lat' dir='ltr'>serpinam</span> <span class='ocrx_word' id='word_1_3' title='bbox 239 419 361 502; x_wconf 88' lang='lat' dir='ltr'>(nescio</span> <span class='ocrx_word' id='word_1_4' title='bbox 384 443 426 483; x_wconf 88' lang='lat' dir='ltr'>an</span> <span class='ocrx_word' id='word_1_5' title='bbox 448 419 546 483; x_wconf 86' lang='lat' dir='ltr'>etiam</span> <span class='ocrx_word' id='word_1_6' title='bbox 564 418 736 502; x_wconf 78' lang='lat' dir='ltr'>Jacchum)</span> <span class='ocrx_word' id='word_1_7' title='bbox 759 426 793 482; x_wconf 90' lang='lat' dir='ltr'>et</span> <span class='ocrx_word' id='word_1_8' title='bbox 807 419 984 482; x_wconf 89' lang='lat' dir='ltr'>nonnullos</span> <span class='ocrx_word' id='word_1_9' title='bbox 1005 418 1088 482; x_wconf 91' lang='lat' dir='ltr'>ritus</span> <span class='ocrx_word' id='word_1_10' title='bbox 1105 426 1237 482; x_wconf 92' lang='lat' dir='ltr'>mutuos</span> <span class='ocrx_word' id='word_1_11' title='bbox 1254 442 1340 482; x_wconf 88' lang='lat' dir='ltr'>surn-</span> 
     </span>
     <span class='ocr_line' id='line_1_3' title="bbox 59 537 1341 622; baseline 0 -20"><span class='ocrx_word' id='word_1_12' title='bbox 59 539 195 622; x_wconf 89' lang='lat' dir='ltr'>pserint,</span> <span class='ocrx_word' id='word_1_13' title='bbox 213 539 271 602; x_wconf 87' lang='lat' dir='ltr'>sed</span> <span class='ocrx_word' id='word_1_14' title='bbox 288 561 366 602; x_wconf 87' lang='lat' dir='ltr'>suae</span> <span class='ocrx_word' id='word_1_15' title='bbox 377 538 546 602; x_wconf 89' lang='lat' dir='ltr'>doctrinae</span> <span class='ocrx_word' id='word_1_16' title='bbox 558 537 730 602; x_wconf 79' lang='lat' dir='ltr'>lenociniis</span> <span class='ocrx_word' id='word_1_17' title='bbox 745 537 931 602; x_wconf 86' lang='lat' dir='ltr'>fucaverint</span> <span class='ocrx_word' id='word_1_18' title='bbox 946 546 981 602; x_wconf 91' lang='lat' dir='ltr'>et</span> <span class='ocrx_word' id='word_1_19' title='bbox 995 539 1089 602; x_wconf 90' lang='lat' dir='ltr'>novis</span> <span class='ocrx_word' id='word_1_20' title='bbox 1106 538 1341 603; x_wconf 75' lang='lat' dir='ltr'>additamentis</span> 
     </span>
     <span class='ocr_line' id='line_1_4' title="bbox 59 657 1341 742; baseline 0 -20"><span class='ocrx_word' id='word_1_21' title='bbox 59 658 328 722; x_wconf 89' lang='lat' dir='ltr'>adulteraverint.</span> <span class='ocrx_word' id='word_1_22' title='bbox 366 660 548 741; x_wconf 88' lang='lat' dir='ltr'>Postquam</span> <span class='ocrx_word' id='word_1_23' title='bbox 563 664 675 721; x_wconf 90' lang='lat' dir='ltr'>autem</span> <span class='ocrx_word' id='word_1_24' title='bbox 690 657 796 741; x_wconf 90' lang='lat' dir='ltr'>magis</span> <span class='ocrx_word' id='word_1_25' title='bbox 811 658 982 741; x_wconf 81' lang='lat' dir='ltr'>magisque</span> <span class='ocrx_word' id='word_1_26' title='bbox 999 657 1271 742; x_wconf 89' lang='lat' dir='ltr'>philosophorum</span> <span class='ocrx_word' id='word_1_27' title='bbox 1287 659 1341 722; x_wconf 89' lang='lat' dir='ltr'>de-</span> 
     </span>
     <span class='ocr_line' id='line_1_5' title="bbox 60 777 1342 862; baseline -0.001 -21"><span class='ocrx_word' id='word_1_28' title='bbox 60 785 151 842; x_wconf 91' lang='lat' dir='ltr'>creta</span> <span class='ocrx_word' id='word_1_29' title='bbox 159 778 193 841; x_wconf 92' lang='lat' dir='ltr'>in</span> <span class='ocrx_word' id='word_1_30' title='bbox 204 779 403 841; x_wconf 83' lang='lat' dir='ltr'>Graecorum</span> <span class='ocrx_word' id='word_1_31' title='bbox 414 777 539 840; x_wconf 89' lang='lat' dir='ltr'>animos</span> <span class='ocrx_word' id='word_1_32' title='bbox 554 777 766 862; x_wconf 90' lang='lat' dir='ltr'>irrepserunt,</span> <span class='ocrx_word' id='word_1_33' title='bbox 783 779 872 841; x_wconf 89' lang='lat' dir='ltr'>haud</span> <span class='ocrx_word' id='word_1_34' title='bbox 881 777 1072 841; x_wconf 89' lang='lat' dir='ltr'>incredibile</span> <span class='ocrx_word' id='word_1_35' title='bbox 1082 777 1224 855; x_wconf 86' lang='lat' dir='ltr'>videtur,</span> <span class='ocrx_word' id='word_1_36' title='bbox 1242 777 1342 841; x_wconf 90' lang='lat' dir='ltr'>etiam</span> 
     </span>
     <span class='ocr_line' id='line_1_6' title="bbox 60 895 1343 981; baseline 0 -22"><span class='ocrx_word' id='word_1_37' title='bbox 60 896 274 980; x_wconf 83' lang='lat' dir='ltr'>Eumolpidas</span> <span class='ocrx_word' id='word_1_38' title='bbox 297 919 316 959; x_wconf 89' lang='lat' dir='ltr'>a</span> <span class='ocrx_word' id='word_1_39' title='bbox 330 895 467 978; x_wconf 88' lang='lat' dir='ltr'>privatis</span> <span class='ocrx_word' id='word_1_40' title='bbox 483 896 649 981; x_wconf 75' lang='lat' dir='ltr'>mysteriis</span> <span class='ocrx_word' id='word_1_41' title='bbox 670 896 704 959; x_wconf 89' lang='lat' dir='ltr'>in</span> <span class='ocrx_word' id='word_1_42' title='bbox 719 895 889 960; x_wconf 83' lang='lat' dir='ltr'>Eleusinia</span> <span class='ocrx_word' id='word_1_43' title='bbox 904 919 996 960; x_wconf 89' lang='lat' dir='ltr'>sacra</span> <span class='ocrx_word' id='word_1_44' title='bbox 1013 897 1172 980; x_wconf 87' lang='lat' dir='ltr'>quaedam</span> <span class='ocrx_word' id='word_1_45' title='bbox 1187 896 1222 961; x_wconf 93' lang='lat' dir='ltr'>in</span> <span class='ocrx_word' id='word_1_46' title='bbox 1236 897 1343 961; x_wconf 86' lang='lat' dir='ltr'>vicem</span> 
     </span>
     <span class='ocr_line' id='line_1_7' title="bbox 59 1014 1342 1100; baseline -0.002 -19"><span class='ocrx_word' id='word_1_47' title='bbox 59 1016 232 1099; x_wconf 82' lang='lat' dir='ltr'>recepisse.</span> <span class='ocrx_word' id='word_1_48' title='bbox 279 1015 487 1097; x_wconf 81' lang='lat' dir='ltr'>Quamquam</span> <span class='ocrx_word' id='word_1_49' title='bbox 502 1015 537 1079; x_wconf 93' lang='lat' dir='ltr'>id</span> <span class='ocrx_word' id='word_1_50' title='bbox 552 1014 658 1079; x_wconf 90' lang='lat' dir='ltr'>minus</span> <span class='ocrx_word' id='word_1_51' title='bbox 674 1015 771 1079; x_wconf 88' lang='lat' dir='ltr'>facile</span> <span class='ocrx_word' id='word_1_52' title='bbox 787 1016 859 1080; x_wconf 89' lang='lat' dir='ltr'>fieri</span> <span class='ocrx_word' id='word_1_53' title='bbox 872 1015 993 1100; x_wconf 90' lang='lat' dir='ltr'>potuit,</span> <span class='ocrx_word' id='word_1_54' title='bbox 1018 1016 1093 1099; x_wconf 88' lang='lat' dir='ltr'>quia</span> <span class='ocrx_word' id='word_1_55' title='bbox 1108 1015 1234 1099; x_wconf 83' lang='lat' dir='ltr'>publici</span> <span class='ocrx_word' id='word_1_56' title='bbox 1249 1022 1342 1078; x_wconf 92' lang='lat' dir='ltr'>erant</span> 
     </span>
     <span class='ocr_line' id='line_1_8' title="bbox 61 1135 1343 1218; baseline -0.002 -19"><span class='ocrx_word' id='word_1_57' title='bbox 61 1135 188 1199; x_wconf 83' lang='lat' dir='ltr'>Cereris</span> <span class='ocrx_word' id='word_1_58' title='bbox 207 1135 410 1218; x_wconf 84' lang='lat' dir='ltr'>Liberaeque</span> <span class='ocrx_word' id='word_1_59' title='bbox 431 1135 650 1199; x_wconf 89' lang='lat' dir='ltr'>sacerdotes.¹</span> <span class='ocrx_word' id='word_1_60' title='bbox 695 1136 901 1199; x_wconf 83' lang='lat' dir='ltr'>Privatorum</span> <span class='ocrx_word' id='word_1_61' title='bbox 927 1141 1038 1199; x_wconf 87' lang='lat' dir='ltr'>autem</span> <span class='ocrx_word' id='word_1_62' title='bbox 1061 1136 1256 1199; x_wconf 87' lang='lat' dir='ltr'>telestarum</span> <span class='ocrx_word' id='word_1_63' title='bbox 1275 1157 1343 1198; x_wconf 92' lang='lat' dir='ltr'>non</span> 
     </span>
     <span class='ocr_line' id='line_1_9' title="bbox 60 1253 1342 1338; baseline -0.001 -19"><span class='ocrx_word' id='word_1_64' title='bbox 60 1257 202 1319; x_wconf 91' lang='lat' dir='ltr'>multum</span> <span class='ocrx_word' id='word_1_65' title='bbox 221 1253 388 1332; x_wconf 90' lang='lat' dir='ltr'>interfuit,</span> <span class='ocrx_word' id='word_1_66' title='bbox 411 1254 440 1317; x_wconf 89' lang='lat' dir='ltr'>si</span> <span class='ocrx_word' id='word_1_67' title='bbox 454 1262 571 1338; x_wconf 89' lang='lat' dir='ltr'>postea</span> <span class='ocrx_word' id='word_1_68' title='bbox 586 1255 721 1319; x_wconf 91' lang='lat' dir='ltr'>dearum</span> <span class='ocrx_word' id='word_1_69' title='bbox 736 1278 928 1338; x_wconf 89' lang='lat' dir='ltr'>magnarum</span> <span class='ocrx_word' id='word_1_70' title='bbox 951 1262 985 1318; x_wconf 87' lang='lat' dir='ltr'>et</span> <span class='ocrx_word' id='word_1_71' title='bbox 1005 1260 1220 1338; x_wconf 89' lang='lat' dir='ltr'>augustarum</span> <span class='ocrx_word' id='word_1_72' title='bbox 1236 1253 1342 1318; x_wconf 91' lang='lat' dir='ltr'>cultui</span> 
     </span>
     <span class='ocr_line' id='line_1_10' title="bbox 60 1373 1341 1459; baseline -0.001 -21"><span class='ocrx_word' id='word_1_73' title='bbox 60 1375 325 1439; x_wconf 67' lang='lat' dir='ltr'>admiscebantur</span> <span class='ocrx_word' id='word_1_74' title='bbox 344 1373 461 1456; x_wconf 86' lang='lat' dir='ltr'>Zagrei</span> <span class='ocrx_word' id='word_1_75' title='bbox 481 1381 516 1437; x_wconf 90' lang='lat' dir='ltr'>et</span> <span class='ocrx_word' id='word_1_76' title='bbox 538 1374 667 1438; x_wconf 83' lang='lat' dir='ltr'>Sabazii</span> <span class='ocrx_word' id='word_1_77' title='bbox 687 1374 877 1459; x_wconf 81' lang='lat' dir='ltr'>peregrinae</span> <span class='ocrx_word' id='word_1_78' title='bbox 898 1382 932 1438; x_wconf 88' lang='lat' dir='ltr'>et</span> <span class='ocrx_word' id='word_1_79' title='bbox 951 1374 1163 1438; x_wconf 71' lang='lat' dir='ltr'>turbulentae</span> <span class='ocrx_word' id='word_1_80' title='bbox 1185 1374 1341 1438; x_wconf 90' lang='lat' dir='ltr'>caerimo-</span> 
     </span>
     <span class='ocr_line' id='line_1_11' title="bbox 59 1493 1413 1588; baseline -0.001 -30"><span class='ocrx_word' id='word_1_81' title='bbox 59 1495 142 1562; x_wconf 89' lang='lat' dir='ltr'>niae.</span> <span class='ocrx_word' id='word_1_82' title='bbox 185 1493 246 1556; x_wconf 88' lang='lat' dir='ltr'>His</span> <span class='ocrx_word' id='word_1_83' title='bbox 271 1493 374 1576; x_wconf 87' lang='lat' dir='ltr'>igitur</span> <span class='ocrx_word' id='word_1_84' title='bbox 387 1493 575 1578; x_wconf 87' lang='lat' dir='ltr'>praemissis</span> <span class='ocrx_word' id='word_1_85' title='bbox 590 1516 677 1557; x_wconf 90' lang='lat' dir='ltr'>nunc</span> <span class='ocrx_word' id='word_1_86' title='bbox 693 1495 888 1573; x_wconf 86' lang='lat' dir='ltr'>videndum,</span> <span class='ocrx_word' id='word_1_87' title='bbox 911 1500 1022 1558; x_wconf 91' lang='lat' dir='ltr'>utrum</span> <span class='ocrx_word' id='word_1_88' title='bbox 1037 1494 1202 1557; x_wconf 87' lang='lat' dir='ltr'>Hesiodus</span> <span class='ocrx_word' id='word_1_89' title='bbox 1221 1517 1263 1557; x_wconf 91' lang='lat' dir='ltr'>an</span> <span class='ocrx_word' id='word_1_90' title='bbox 1279 1496 1340 1557; x_wconf 90' lang='lat' dir='ltr'>Or·</span> <span class='ocrx_word' id='word_1_91' title='bbox 1411 1583 1413 1588; x_wconf 21' lang='grc' dir='ltr'>Ι</span> 
     </span>
     <span class='ocr_line' id='line_1_12' title="bbox 59 1613 1341 1699; baseline 0 -21"><span class='ocrx_word' id='word_1_92' title='bbox 59 1617 163 1699; x_wconf 90' lang='lat' dir='ltr'>pheus</span> <span class='ocrx_word' id='word_1_93' title='bbox 188 1613 371 1678; x_wconf 89' lang='lat' dir='ltr'>doctrinam</span> <span class='ocrx_word' id='word_1_94' title='bbox 396 1614 437 1676; x_wconf 91' lang='lat' dir='ltr'>de</span> <span class='ocrx_word' id='word_1_95' title='bbox 461 1613 573 1677; x_wconf 86' lang='lat' dir='ltr'>inferis</span> <span class='ocrx_word' id='word_1_96' title='bbox 598 1624 633 1677; x_wconf 93' lang='lat' dir='ltr'>et</span> <span class='ocrx_word' id='word_1_97' title='bbox 657 1614 697 1677; x_wconf 91' lang='lat' dir='ltr'>de</span> <span class='ocrx_word' id='word_1_98' title='bbox 718 1615 933 1698; x_wconf 87' lang='lat' dir='ltr'>Proserpinae</span> <span class='ocrx_word' id='word_1_99' title='bbox 957 1619 1126 1698; x_wconf 87' lang='lat' dir='ltr'>potestate</span> <span class='ocrx_word' id='word_1_100' title='bbox 1147 1613 1341 1678; x_wconf 89' lang='lat' dir='ltr'>Homericae</span> 
     </span>
     <span class='ocr_line' id='line_1_13' title="bbox 59 1732 1341 1817; baseline 0.001 -20"><span class='ocrx_word' id='word_1_101' title='bbox 59 1733 251 1797; x_wconf 91' lang='lat' dir='ltr'>similiorem</span> <span class='ocrx_word' id='word_1_102' title='bbox 275 1732 413 1816; x_wconf 87' lang='lat' dir='ltr'>ideoque</span> <span class='ocrx_word' id='word_1_103' title='bbox 439 1732 656 1817; x_wconf 88' lang='lat' dir='ltr'>antiquiorem</span> <span class='ocrx_word' id='word_1_104' title='bbox 681 1740 814 1798; x_wconf 91' lang='lat' dir='ltr'>secutus</span> <span class='ocrx_word' id='word_1_105' title='bbox 839 1733 894 1797; x_wconf 91' lang='lat' dir='ltr'>sit.</span> <span class='ocrx_word' id='word_1_106' title='bbox 940 1734 1024 1797; x_wconf 91' lang='lat' dir='ltr'>Dico</span> <span class='ocrx_word' id='word_1_107' title='bbox 1049 1740 1175 1813; x_wconf 88' lang='lat' dir='ltr'>autem,</span> <span class='ocrx_word' id='word_1_108' title='bbox 1202 1756 1277 1797; x_wconf 91' lang='lat' dir='ltr'>cum</span> <span class='ocrx_word' id='word_1_109' title='bbox 1301 1736 1341 1798; x_wconf 93' lang='lat' dir='ltr'>de</span> 
     </span>
     <span class='ocr_line' id='line_1_14' title="bbox 59 1852 1341 1937; baseline 0 -21"><span class='ocrx_word' id='word_1_110' title='bbox 59 1853 204 1917; x_wconf 92' lang='lat' dir='ltr'>Hesiodo</span> <span class='ocrx_word' id='word_1_111' title='bbox 217 1854 343 1935; x_wconf 90' lang='lat' dir='ltr'>loquor,</span> <span class='ocrx_word' id='word_1_112' title='bbox 361 1874 427 1916; x_wconf 92' lang='lat' dir='ltr'>non</span> <span class='ocrx_word' id='word_1_113' title='bbox 443 1853 513 1936; x_wconf 90' lang='lat' dir='ltr'>ejus</span> <span class='ocrx_word' id='word_1_114' title='bbox 530 1853 653 1937; x_wconf 90' lang='lat' dir='ltr'>scripta</span> <span class='ocrx_word' id='word_1_115' title='bbox 662 1854 703 1916; x_wconf 89' lang='lat' dir='ltr'>de</span> <span class='ocrx_word' id='word_1_116' title='bbox 713 1852 889 1931; x_wconf 92' lang='lat' dir='ltr'>miraculis,</span> <span class='ocrx_word' id='word_1_117' title='bbox 908 1853 948 1916; x_wconf 92' lang='lat' dir='ltr'>de</span> <span class='ocrx_word' id='word_1_118' title='bbox 965 1852 1157 1936; x_wconf 84' lang='lat' dir='ltr'>astrologia,</span> <span class='ocrx_word' id='word_1_119' title='bbox 1175 1854 1214 1917; x_wconf 91' lang='lat' dir='ltr'>de</span> <span class='ocrx_word' id='word_1_120' title='bbox 1231 1854 1341 1918; x_wconf 87' lang='lat' dir='ltr'>herbis</span> 
     </span>
     <span class='ocr_line' id='line_1_15' title="bbox 59 1971 1340 2056; baseline 0 -19"><span class='ocrx_word' id='word_1_121' title='bbox 59 1980 94 2037; x_wconf 93' lang='lat' dir='ltr'>et</span> <span class='ocrx_word' id='word_1_122' title='bbox 110 1993 192 2055; x_wconf 88' lang='lat' dir='ltr'>quae</span> <span class='ocrx_word' id='word_1_123' title='bbox 209 1971 328 2035; x_wconf 86' lang='lat' dir='ltr'>similia</span> <span class='ocrx_word' id='word_1_124' title='bbox 344 1979 436 2050; x_wconf 86' lang='lat' dir='ltr'>sunt,</span> <span class='ocrx_word' id='word_1_125' title='bbox 458 1972 516 2035; x_wconf 91' lang='lat' dir='ltr'>sed</span> <span class='ocrx_word' id='word_1_126' title='bbox 532 1972 759 2055; x_wconf 80' lang='lat' dir='ltr'>Theogoniam</span> <span class='ocrx_word' id='word_1_127' title='bbox 781 1979 815 2035; x_wconf 85' lang='lat' dir='ltr'>et</span> <span class='ocrx_word' id='word_1_128' title='bbox 831 1973 951 2056; x_wconf 88' lang='lat' dir='ltr'>Opera.</span> <span class='ocrx_word' id='word_1_129' title='bbox 996 1972 1038 2035; x_wconf 92' lang='lat' dir='ltr'>In</span> <span class='ocrx_word' id='word_1_130' title='bbox 1054 1972 1217 2056; x_wconf 89' lang='lat' dir='ltr'>Operibus</span> <span class='ocrx_word' id='word_1_131' title='bbox 1239 1973 1340 2056; x_wconf 89' lang='lat' dir='ltr'>igitur</span> 
     </span>
     <span class='ocr_line' id='line_1_16' title="bbox 59 2091 1340 2174; baseline -0.001 -19"><span class='ocrx_word' id='word_1_132' title='bbox 59 2091 207 2155; x_wconf 91' lang='lat' dir='ltr'>homines</span> <span class='ocrx_word' id='word_1_133' title='bbox 232 2091 355 2174; x_wconf 87' lang='lat' dir='ltr'>primae</span> <span class='ocrx_word' id='word_1_134' title='bbox 379 2091 498 2155; x_wconf 87' lang='lat' dir='ltr'>aetatis</span> <span class='ocrx_word' id='word_1_135' title='bbox 523 2115 542 2154; x_wconf 88' lang='lat' dir='ltr'>a</span> <span class='ocrx_word' id='word_1_136' title='bbox 558 2093 639 2154; x_wconf 86' lang='lat' dir='ltr'>Jove</span> <span class='ocrx_word' id='word_1_137' title='bbox 663 2098 740 2174; x_wconf 91' lang='lat' dir='ltr'>post</span> <span class='ocrx_word' id='word_1_138' title='bbox 760 2098 899 2156; x_wconf 92' lang='lat' dir='ltr'>mortem</span> <span class='ocrx_word' id='word_1_139' title='bbox 922 2092 1098 2157; x_wconf 87' lang='lat' dir='ltr'>daemones</span> <span class='ocrx_word' id='word_1_140' title='bbox 1122 2092 1303 2156; x_wconf 85' lang='lat' dir='ltr'>redduntur</span> <span class='ocrx_word' id='word_1_141' title='bbox 1311 2093 1340 2168; x_wconf 77' lang='lat'>3²</span> 
     </span>
    </p>
   </div>
   <div class='ocr_carea' id='block_1_3' title="bbox 54 2210 1341 3221">
    <p class='ocr_par' dir='ltr' id='par_1_3' title="bbox 60 2210 1016 2295">
     <span class='ocr_line' id='line_1_17' title="bbox 60 2210 1016 2295; baseline 0.001 -21"><span class='ocrx_word' id='word_1_142' title='bbox 60 2211 240 2274; x_wconf 88' lang='lat' dir='ltr'>secundum</span> <span class='ocrx_word' id='word_1_143' title='bbox 254 2232 359 2293; x_wconf 87' lang='lat' dir='ltr'>genus</span> <span class='ocrx_word' id='word_1_144' title='bbox 377 2211 510 2275; x_wconf 92' lang='lat' dir='ltr'>demens</span> <span class='ocrx_word' id='word_1_145' title='bbox 527 2217 562 2274; x_wconf 88' lang='lat' dir='ltr'>et</span> <span class='ocrx_word' id='word_1_146' title='bbox 576 2210 713 2295; x_wconf 91' lang='lat' dir='ltr'>impium</span> <span class='ocrx_word' id='word_1_147' title='bbox 728 2217 905 2294; x_wconf 88' lang='lat' dir='ltr'>postquam</span> <span class='ocrx_word' id='word_1_148' title='bbox 922 2211 1016 2290; x_wconf 91' lang='lat' dir='ltr'>obiit,</span> 
     </span>
    </p>

    <p class='ocr_par' dir='ltr' id='par_1_4' title="bbox 357 2331 1021 2406">
     <span class='ocr_line' id='line_1_18' title="bbox 357 2331 1021 2406; baseline -0.002 -21"><span class='ocrx_word' id='word_1_149' title='bbox 357 2333 397 2385; x_wconf 81' lang='grc' dir='ltr'>τοὶ</span> <span class='ocrx_word' id='word_1_150' title='bbox 415 2334 462 2401; x_wconf 84' lang='grc' dir='ltr'>μὲν</span> <span class='ocrx_word' id='word_1_151' title='bbox 481 2331 628 2406; x_wconf 73' lang='grc' dir='ltr'>ὑποχθόνιοι</span> <span class='ocrx_word' id='word_1_152' title='bbox 646 2334 761 2406; x_wconf 81' lang='grc' dir='ltr'>μάκαρες</span> <span class='ocrx_word' id='word_1_153' title='bbox 778 2331 867 2405; x_wconf 73' lang='grc' dir='ltr'><strong>θνητοὶ</strong></span> <span class='ocrx_word' id='word_1_154' title='bbox 884 2333 1021 2387; x_wconf 73' lang='grc' dir='ltr'><strong>καλέονται</strong></span> 
     </span>
    </p>

    <p class='ocr_par' dir='ltr' id='par_1_5' title="bbox 54 2432 1341 3221">
     <span class='ocr_line' id='line_1_19' title="bbox 360 2432 1019 2508; baseline 0.002 -20"><span class='ocrx_word' id='word_1_155' title='bbox 360 2436 481 2508; x_wconf 77' lang='grc' dir='ltr'><strong>δεύτεροι,</strong></span> <span class='ocrx_word' id='word_1_156' title='bbox 501 2432 557 2489; x_wconf 81' lang='grc' dir='ltr'>ἀλλ’</span> <span class='ocrx_word' id='word_1_157' title='bbox 577 2435 662 2507; x_wconf 79' lang='grc' dir='ltr'>ἔμπης</span> <span class='ocrx_word' id='word_1_158' title='bbox 679 2436 741 2505; x_wconf 78' lang='grc' dir='ltr'>τιμὴ</span> <span class='ocrx_word' id='word_1_159' title='bbox 759 2436 804 2489; x_wconf 66' lang='grc' dir='ltr'>καὶ</span> <span class='ocrx_word' id='word_1_160' title='bbox 821 2441 900 2489; x_wconf 82' lang='grc' dir='ltr'><strong>ταῖσιν</strong></span> <span class='ocrx_word' id='word_1_161' title='bbox 917 2435 1019 2508; x_wconf 79' lang='grc' dir='ltr'><strong>ὀπηδεῖ.</strong></span> 
     </span>
     <span class='ocr_line' id='line_1_20' title="bbox 62 2537 1335 2622; baseline 0.002 -23"><span class='ocrx_word' id='word_1_162' title='bbox 62 2539 210 2600; x_wconf 75' lang='lat' dir='ltr'>Aeaeum</span> <span class='ocrx_word' id='word_1_163' title='bbox 227 2560 331 2621; x_wconf 87' lang='lat' dir='ltr'>genus</span> <span class='ocrx_word' id='word_1_164' title='bbox 347 2537 381 2601; x_wconf 93' lang='lat' dir='ltr'>in</span> <span class='ocrx_word' id='word_1_165' title='bbox 397 2542 502 2602; x_wconf 89' lang='lat' dir='ltr'>semet</span> <span class='ocrx_word' id='word_1_166' title='bbox 518 2538 625 2622; x_wconf 93' lang='lat' dir='ltr'>ipsum</span> <span class='ocrx_word' id='word_1_167' title='bbox 642 2537 789 2602; x_wconf 88' lang='lat' dir='ltr'>saeviens</span> <span class='ocrx_word' id='word_1_168' title='bbox 805 2539 942 2602; x_wconf 89' lang='lat' dir='ltr'>tandem</span> <span class='ocrx_word' id='word_1_169' title='bbox 957 2539 991 2602; x_wconf 90' lang='lat' dir='ltr'>in</span> <span class='ocrx_word' id='word_1_170' title='bbox 1008 2540 1129 2603; x_wconf 91' lang='lat' dir='ltr'>Orcum</span> <span class='ocrx_word' id='word_1_171' title='bbox 1147 2539 1319 2602; x_wconf 90' lang='lat' dir='ltr'>descendit</span> <span class='ocrx_word' id='word_1_172' title='bbox 1326 2564 1335 2615; x_wconf 93' lang='lat'>;</span> 
     </span>
     <span class='ocr_line' id='line_1_21' title="bbox 61 2657 1339 2741; baseline 0.002 -22"><span class='ocrx_word' id='word_1_173' title='bbox 61 2658 188 2735; x_wconf 89' lang='lat' dir='ltr'>heroes,</span> <span class='ocrx_word' id='word_1_174' title='bbox 204 2657 265 2721; x_wconf 88' lang='lat' dir='ltr'>viri</span> <span class='ocrx_word' id='word_1_175' title='bbox 282 2665 417 2741; x_wconf 90' lang='lat' dir='ltr'>quartae</span> <span class='ocrx_word' id='word_1_176' title='bbox 434 2657 554 2720; x_wconf 87' lang='lat' dir='ltr'>aetatis</span> <span class='ocrx_word' id='word_1_177' title='bbox 570 2657 723 2720; x_wconf 90' lang='lat' dir='ltr'>iustiores</span> <span class='ocrx_word' id='word_1_178' title='bbox 740 2664 775 2721; x_wconf 93' lang='lat' dir='ltr'>et</span> <span class='ocrx_word' id='word_1_179' title='bbox 790 2658 953 2737; x_wconf 89' lang='lat' dir='ltr'>meliores,</span> <span class='ocrx_word' id='word_1_180' title='bbox 971 2666 1047 2722; x_wconf 87' lang='lat' dir='ltr'>ante</span> <span class='ocrx_word' id='word_1_181' title='bbox 1064 2659 1194 2722; x_wconf 80' lang='lat' dir='ltr'>Thebas</span> <span class='ocrx_word' id='word_1_182' title='bbox 1211 2665 1245 2722; x_wconf 90' lang='lat' dir='ltr'>et</span> <span class='ocrx_word' id='word_1_183' title='bbox 1261 2660 1339 2722; x_wconf 78' lang='lat' dir='ltr'>Tro-</span> 
     </span>
     <span class='ocr_line' id='line_1_22' title="bbox 54 2776 1340 2860; baseline 0.001 -20"><span class='ocrx_word' id='word_1_184' title='bbox 54 2777 126 2860; x_wconf 88' lang='lat' dir='ltr'>jam</span> <span class='ocrx_word' id='word_1_185' title='bbox 142 2776 311 2840; x_wconf 89' lang='lat' dir='ltr'>interemti</span> <span class='ocrx_word' id='word_1_186' title='bbox 325 2778 360 2840; x_wconf 92' lang='lat' dir='ltr'>in</span> <span class='ocrx_word' id='word_1_187' title='bbox 375 2778 548 2842; x_wconf 89' lang='lat' dir='ltr'>beatorum</span> <span class='ocrx_word' id='word_1_188' title='bbox 563 2776 688 2840; x_wconf 90' lang='lat' dir='ltr'>insulas</span> <span class='ocrx_word' id='word_1_189' title='bbox 703 2777 797 2842; x_wconf 83' lang='lat' dir='ltr'>iuxta</span> <span class='ocrx_word' id='word_1_190' title='bbox 813 2780 981 2842; x_wconf 86' lang='lat' dir='ltr'>Oceanum</span> <span class='ocrx_word' id='word_1_191' title='bbox 998 2778 1145 2842; x_wconf 86' lang='lat' dir='ltr'>veniunt.</span> <span class='ocrx_word' id='word_1_192' title='bbox 1178 2777 1340 2841; x_wconf 74' lang='lat' dir='ltr'>Quintum</span> 
     </span>
     <span class='ocr_line' id='line_1_23' title="bbox 60 2896 1341 2982; baseline 0 -22"><span class='ocrx_word' id='word_1_193' title='bbox 60 2896 200 2980; x_wconf 89' lang='lat' dir='ltr'>denique</span> <span class='ocrx_word' id='word_1_194' title='bbox 223 2918 345 2980; x_wconf 90' lang='lat' dir='ltr'>genus,</span> <span class='ocrx_word' id='word_1_195' title='bbox 370 2899 463 2981; x_wconf 87' lang='lat' dir='ltr'>cujus</span> <span class='ocrx_word' id='word_1_196' title='bbox 484 2920 544 2960; x_wconf 90' lang='lat' dir='ltr'>nos</span> <span class='ocrx_word' id='word_1_197' title='bbox 567 2920 695 2975; x_wconf 90' lang='lat' dir='ltr'>sumus,</span> <span class='ocrx_word' id='word_1_198' title='bbox 718 2897 871 2960; x_wconf 88' lang='lat' dir='ltr'>miseram</span> <span class='ocrx_word' id='word_1_199' title='bbox 892 2897 985 2981; x_wconf 87' lang='lat' dir='ltr'>degit</span> <span class='ocrx_word' id='word_1_200' title='bbox 1004 2898 1107 2962; x_wconf 87' lang='lat' dir='ltr'>vitam</span> <span class='ocrx_word' id='word_1_201' title='bbox 1128 2898 1252 2982; x_wconf 90' lang='lat' dir='ltr'>absque</span> <span class='ocrx_word' id='word_1_202' title='bbox 1271 2899 1341 2961; x_wconf 93' lang='lat' dir='ltr'>ulla</span> 
     </span>
     <span class='ocr_line' id='line_1_24' title="bbox 60 3015 1340 3101; baseline 0.002 -23"><span class='ocrx_word' id='word_1_203' title='bbox 60 3015 204 3079; x_wconf 91' lang='lat' dir='ltr'>melioris</span> <span class='ocrx_word' id='word_1_204' title='bbox 221 3024 329 3079; x_wconf 88' lang='lat' dir='ltr'>status</span> <span class='ocrx_word' id='word_1_205' title='bbox 346 3016 449 3080; x_wconf 87' lang='lat' dir='ltr'>futuri</span> <span class='ocrx_word' id='word_1_206' title='bbox 464 3018 554 3101; x_wconf 82' lang='lat' dir='ltr'>spe.³</span> <span class='ocrx_word' id='word_1_207' title='bbox 589 3017 630 3080; x_wconf 91' lang='lat' dir='ltr'>In</span> <span class='ocrx_word' id='word_1_208' title='bbox 647 3017 765 3100; x_wconf 91' lang='lat' dir='ltr'>quibus</span> <span class='ocrx_word' id='word_1_209' title='bbox 782 3016 934 3082; x_wconf 90' lang='lat' dir='ltr'>omnibus</span> <span class='ocrx_word' id='word_1_210' title='bbox 950 3040 1017 3081; x_wconf 87' lang='lat' dir='ltr'>non</span> <span class='ocrx_word' id='word_1_211' title='bbox 1035 3018 1098 3081; x_wconf 89' lang='lat' dir='ltr'>nisi</span> <span class='ocrx_word' id='word_1_212' title='bbox 1114 3019 1289 3082; x_wconf 88' lang='lat' dir='ltr'>daemones</span> <span class='ocrx_word' id='word_1_213' title='bbox 1306 3026 1340 3082; x_wconf 89' lang='lat' dir='ltr'>et</span> 
     </span>
     <span class='ocr_line' id='line_1_25' title="bbox 59 3135 1340 3221; baseline 0.003 -23"><span class='ocrx_word' id='word_1_214' title='bbox 59 3137 232 3199; x_wconf 90' lang='lat' dir='ltr'>beatorum</span> <span class='ocrx_word' id='word_1_215' title='bbox 247 3136 371 3199; x_wconf 89' lang='lat' dir='ltr'>insulas</span> <span class='ocrx_word' id='word_1_216' title='bbox 388 3138 429 3199; x_wconf 90' lang='lat' dir='ltr'>ab</span> <span class='ocrx_word' id='word_1_217' title='bbox 445 3137 589 3200; x_wconf 91' lang='lat' dir='ltr'>Homero</span> <span class='ocrx_word' id='word_1_218' title='bbox 607 3135 831 3220; x_wconf 90' lang='lat' dir='ltr'>discrepantes</span> <span class='ocrx_word' id='word_1_219' title='bbox 849 3137 1084 3221; x_wconf 89' lang='lat' dir='ltr'>deprehendes.</span> <span class='ocrx_word' id='word_1_220' title='bbox 1116 3140 1167 3202; x_wconf 91' lang='lat' dir='ltr'>De</span> <span class='ocrx_word' id='word_1_221' title='bbox 1184 3139 1270 3202; x_wconf 89' lang='lat' dir='ltr'>Orco</span> <span class='ocrx_word' id='word_1_222' title='bbox 1288 3161 1340 3202; x_wconf 91' lang='lat' dir='ltr'>ea·</span> 
     </span>
    </p>
   </div>
   <div class='ocr_carea' id='block_1_4' title="bbox 60 3255 1340 3340">
    <p class='ocr_par' dir='ltr' id='par_1_6' title="bbox 60 3255 1340 3340">
     <span class='ocr_line' id='line_1_26' title="bbox 60 3255 1340 3340; baseline 0.003 -23"><span class='ocrx_word' id='word_1_223' title='bbox 60 3256 135 3318; x_wconf 92' lang='lat' dir='ltr'>dem</span> <span class='ocrx_word' id='word_1_224' title='bbox 160 3262 229 3318; x_wconf 89' lang='lat' dir='ltr'>stat</span> <span class='ocrx_word' id='word_1_225' title='bbox 253 3255 435 3334; x_wconf 91' lang='lat' dir='ltr'>sententia,</span> <span class='ocrx_word' id='word_1_226' title='bbox 459 3256 608 3338; x_wconf 88' lang='lat' dir='ltr'>quamvis</span> <span class='ocrx_word' id='word_1_227' title='bbox 632 3263 747 3340; x_wconf 88' lang='lat' dir='ltr'>poeta,</span> <span class='ocrx_word' id='word_1_228' title='bbox 774 3280 838 3340; x_wconf 90' lang='lat' dir='ltr'>qua</span> <span class='ocrx_word' id='word_1_229' title='bbox 862 3263 915 3321; x_wconf 92' lang='lat' dir='ltr'>est</span> <span class='ocrx_word' id='word_1_230' title='bbox 939 3258 1038 3322; x_wconf 90' lang='lat' dir='ltr'>animi</span> <span class='ocrx_word' id='word_1_231' title='bbox 1060 3258 1214 3337; x_wconf 88' lang='lat' dir='ltr'>tristitia,</span> <span class='ocrx_word' id='word_1_232' title='bbox 1243 3257 1340 3321; x_wconf 87' lang='lat' dir='ltr'>facile</span> 
     </span>
    </p>
   </div>
   <div class='ocr_carea' id='block_1_5' title="bbox 60 3375 1339 3462">
    <p class='ocr_par' dir='ltr' id='par_1_7' title="bbox 60 3375 1339 3462">
     <span class='ocr_line' id='line_1_27' title="bbox 60 3375 1339 3462; baseline 0.002 -24"><span class='ocrx_word' id='word_1_233' title='bbox 60 3375 178 3438; x_wconf 89' lang='lat' dir='ltr'>adduci</span> <span class='ocrx_word' id='word_1_234' title='bbox 199 3375 362 3459; x_wconf 89' lang='lat' dir='ltr'>potuerit,</span> <span class='ocrx_word' id='word_1_235' title='bbox 385 3383 423 3438; x_wconf 94' lang='lat' dir='ltr'>ut</span> <span class='ocrx_word' id='word_1_236' title='bbox 443 3375 522 3438; x_wconf 92' lang='lat' dir='ltr'>iuris</span> <span class='ocrx_word' id='word_1_237' title='bbox 544 3375 577 3438; x_wconf 88' lang='lat' dir='ltr'>in</span> <span class='ocrx_word' id='word_1_238' title='bbox 601 3382 689 3439; x_wconf 85' lang='lat' dir='ltr'>terra</span> <span class='ocrx_word' id='word_1_239' title='bbox 717 3376 919 3460; x_wconf 86' lang='lat' dir='ltr'>contempti⁴</span> <span class='ocrx_word' id='word_1_240' title='bbox 943 3400 1083 3461; x_wconf 90' lang='lat' dir='ltr'>poenam</span> <span class='ocrx_word' id='word_1_241' title='bbox 1106 3378 1192 3462; x_wconf 86' lang='lat' dir='ltr'>apud</span> <span class='ocrx_word' id='word_1_242' title='bbox 1217 3376 1339 3441; x_wconf 86' lang='lat' dir='ltr'>inferos</span> 
     </span>
    </p>
   </div>
   <div class='ocr_carea' id='block_1_6' title="bbox 57 3529 1341 4353">
    <p class='ocr_par' dir='ltr' id='par_1_8' title="bbox 128 3529 698 3599">
     <span class='ocr_line' id='line_1_28' title="bbox 128 3529 698 3599; baseline 0.002 -16"><span class='ocrx_word' id='word_1_243' title='bbox 128 3529 137 3560; x_wconf 87' lang='lat'>¹</span> <span class='ocrx_word' id='word_1_244' title='bbox 155 3536 218 3598; x_wconf 65' lang='lat' dir='ltr'>Agl.</span> <span class='ocrx_word' id='word_1_245' title='bbox 233 3551 264 3599; x_wconf 83' lang='lat' dir='ltr'>p.</span> <span class='ocrx_word' id='word_1_246' title='bbox 288 3539 316 3582; x_wconf 90' lang='lat'>10</span> <span class='ocrx_word' id='word_1_247' title='bbox 334 3551 387 3598; x_wconf 58' lang='grc' dir='ltr'>,νας</span> <span class='ocrx_word' id='word_1_248' title='bbox 406 3533 440 3582; x_wconf 83' lang='grc'>01.</span> <span class='ocrx_word' id='word_1_249' title='bbox 460 3540 545 3582; x_wconf 84' lang='lat' dir='ltr'>tamen</span> <span class='ocrx_word' id='word_1_250' title='bbox 559 3551 589 3599; x_wconf 83' lang='lat' dir='ltr'>p.</span> <span class='ocrx_word' id='word_1_251' title='bbox 611 3538 641 3584; x_wconf 80' lang='lat'>72</span> <span class='ocrx_word' id='word_1_252' title='bbox 660 3552 698 3599; x_wconf 79' lang='lat' dir='ltr'>aq.</span> 
     </span>
    </p>

    <p class='ocr_par' dir='ltr' id='par_1_9' title="bbox 127 3613 489 3680">
     <span class='ocr_line' id='line_1_29' title="bbox 127 3613 489 3680; baseline -0.003 -11"><span class='ocrx_word' id='word_1_253' title='bbox 127 3613 184 3669; x_wconf 77' lang='lat' dir='ltr'>²‘E</span> <span class='ocrx_word' id='word_1_254' title='bbox 202 3637 227 3669; x_wconf 71' lang='lat' dir='ltr'>a.</span> <span class='ocrx_word' id='word_1_255' title='bbox 244 3614 288 3669; x_wconf 79' lang='grc' dir='ltr'>Ἠ.</span> <span class='ocrx_word' id='word_1_256' title='bbox 307 3637 331 3669; x_wconf 76' lang='grc' dir='ltr'>υ.</span> <span class='ocrx_word' id='word_1_257' title='bbox 355 3624 410 3680; x_wconf 79' lang='grc'><strong>111,</strong></span> <span class='ocrx_word' id='word_1_258' title='bbox 431 3624 489 3668; x_wconf 79' lang='lat'><strong>252.</strong></span> 
     </span>
    </p>

    <p class='ocr_par' dir='ltr' id='par_1_10' title="bbox 128 3701 750 3775">
     <span class='ocr_line' id='line_1_30' title="bbox 128 3701 750 3775; baseline 0.003 -21"><span class='ocrx_word' id='word_1_259' title='bbox 128 3701 199 3755; x_wconf 77' lang='lat' dir='ltr'>³It.</span> <span class='ocrx_word' id='word_1_260' title='bbox 219 3724 243 3755; x_wconf 86' lang='lat' dir='ltr'>c.</span> <span class='ocrx_word' id='word_1_261' title='bbox 264 3711 326 3754; x_wconf 81' lang='lat'>201:</span> <span class='ocrx_word' id='word_1_262' title='bbox 346 3710 428 3757; x_wconf 73' lang='lat' dir='ltr'>anano</span> <span class='ocrx_word' id='word_1_263' title='bbox 448 3701 467 3755; x_wconf 85' lang='grc' dir='ltr'>δ’</span> <span class='ocrx_word' id='word_1_264' title='bbox 487 3701 534 3755; x_wconf 77' lang='grc' dir='ltr'>οὐκ</span> <span class='ocrx_word' id='word_1_265' title='bbox 552 3702 653 3755; x_wconf 81' lang='grc' dir='ltr'><strong>ἔσσεται</strong></span> <span class='ocrx_word' id='word_1_266' title='bbox 671 3703 750 3775; x_wconf 72' lang='grc' dir='ltr'>ἀλκή.</span> 
     </span>
    </p>

    <p class='ocr_par' dir='ltr' id='par_1_11' title="bbox 57 3785 1341 4353">
     <span class='ocr_line' id='line_1_31' title="bbox 127 3785 1341 3858; baseline 0.005 -19"><span class='ocrx_word' id='word_1_267' title='bbox 127 3785 199 3840; x_wconf 75' lang='lat' dir='ltr'>⁴It.</span> <span class='ocrx_word' id='word_1_268' title='bbox 219 3809 243 3841; x_wconf 87' lang='lat' dir='ltr'>c.</span> <span class='ocrx_word' id='word_1_269' title='bbox 266 3796 310 3839; x_wconf 85' lang='lat'>191</span> <span class='ocrx_word' id='word_1_270' title='bbox 331 3808 369 3855; x_wconf 79' lang='lat' dir='ltr'>aq.</span> <span class='ocrx_word' id='word_1_271' title='bbox 406 3791 575 3854; x_wconf 86' lang='lat' dir='ltr'>Proserpinae</span> <span class='ocrx_word' id='word_1_272' title='bbox 599 3792 626 3840; x_wconf 91' lang='lat' dir='ltr'>in</span> <span class='ocrx_word' id='word_1_273' title='bbox 649 3799 704 3840; x_wconf 92' lang='lat' dir='ltr'>toto</span> <span class='ocrx_word' id='word_1_274' title='bbox 726 3793 838 3841; x_wconf 88' lang='lat' dir='ltr'>carmine</span> <span class='ocrx_word' id='word_1_275' title='bbox 861 3793 932 3841; x_wconf 88' lang='lat' dir='ltr'>nulla</span> <span class='ocrx_word' id='word_1_276' title='bbox 949 3794 977 3843; x_wconf 86' lang='lat' dir='ltr'>fit</span> <span class='ocrx_word' id='word_1_277' title='bbox 1001 3795 1105 3844; x_wconf 91' lang='lat' dir='ltr'>mentio.</span> <span class='ocrx_word' id='word_1_278' title='bbox 1143 3793 1222 3844; x_wconf 86' lang='lat' dir='ltr'>Ceres</span> <span class='ocrx_word' id='word_1_279' title='bbox 1246 3796 1341 3858; x_wconf 90' lang='lat' dir='ltr'>ubique</span> 
     </span>
     <span class='ocr_line' id='line_1_32' title="bbox 59 3876 1341 3944; baseline 0.005 -20"><span class='ocrx_word' id='word_1_280' title='bbox 59 3878 95 3938; x_wconf 85' lang='lat' dir='ltr'>(v.</span> <span class='ocrx_word' id='word_1_281' title='bbox 110 3880 169 3935; x_wconf 85' lang='grc'><strong>393,</strong></span> <span class='ocrx_word' id='word_1_282' title='bbox 189 3881 246 3936; x_wconf 85' lang='grc'><strong>597,</strong></span> <span class='ocrx_word' id='word_1_283' title='bbox 265 3876 327 3940; x_wconf 88' lang='grc'><strong>805)</strong></span> <span class='ocrx_word' id='word_1_284' title='bbox 352 3877 445 3939; x_wconf 86' lang='lat' dir='ltr'>segetis</span> <span class='ocrx_word' id='word_1_285' title='bbox 463 3878 512 3926; x_wconf 88' lang='lat' dir='ltr'>dea</span> <span class='ocrx_word' id='word_1_286' title='bbox 529 3876 644 3925; x_wconf 87' lang='lat' dir='ltr'>habetur.</span> <span class='ocrx_word' id='word_1_287' title='bbox 682 3877 828 3942; x_wconf 85' lang='lat' dir='ltr'>Orgiorum,</span> <span class='ocrx_word' id='word_1_288' title='bbox 853 3880 1045 3943; x_wconf 87' lang='lat' dir='ltr'>mysteriorum,</span> <span class='ocrx_word' id='word_1_289' title='bbox 1070 3881 1226 3944; x_wconf 80' lang='lat' dir='ltr'>magicarum</span> <span class='ocrx_word' id='word_1_290' title='bbox 1249 3883 1341 3930; x_wconf 89' lang='lat' dir='ltr'>artium</span> 
     </span>
     <span class='ocr_line' id='line_1_33' title="bbox 59 3962 1341 4031; baseline 0.006 -23"><span class='ocrx_word' id='word_1_291' title='bbox 59 3976 92 4009; x_wconf 92' lang='lat' dir='ltr'>ne</span> <span class='ocrx_word' id='word_1_292' title='bbox 110 3962 215 4009; x_wconf 88' lang='lat' dir='ltr'>nomina</span> <span class='ocrx_word' id='word_1_293' title='bbox 233 3962 336 4025; x_wconf 88' lang='lat' dir='ltr'>quidem</span> <span class='ocrx_word' id='word_1_294' title='bbox 354 3970 498 4012; x_wconf 88' lang='lat' dir='ltr'>occurrunt.</span> <span class='ocrx_word' id='word_1_295' title='bbox 532 3963 605 4022; x_wconf 83' lang='lat' dir='ltr'>Quae</span> <span class='ocrx_word' id='word_1_296' title='bbox 624 3964 645 4012; x_wconf 95' lang='lat' dir='ltr'>si</span> <span class='ocrx_word' id='word_1_297' title='bbox 664 3973 725 4012; x_wconf 86' lang='lat' dir='ltr'>nota</span> <span class='ocrx_word' id='word_1_298' title='bbox 742 3964 873 4014; x_wconf 85' lang='lat' dir='ltr'>habuisset</span> <span class='ocrx_word' id='word_1_299' title='bbox 890 3972 975 4028; x_wconf 85' lang='lat' dir='ltr'>poeta,</span> <span class='ocrx_word' id='word_1_300' title='bbox 999 3967 1060 4029; x_wconf 89' lang='lat' dir='ltr'>quid</span> <span class='ocrx_word' id='word_1_301' title='bbox 1077 3977 1166 4030; x_wconf 87' lang='lat' dir='ltr'>putas,</span> <span class='ocrx_word' id='word_1_302' title='bbox 1190 3983 1267 4031; x_wconf 88' lang='lat' dir='ltr'>qnam</span> <span class='ocrx_word' id='word_1_303' title='bbox 1285 3968 1341 4016; x_wconf 92' lang='lat' dir='ltr'>dili·</span> 
     </span>
     <span class='ocr_line' id='line_1_34' title="bbox 59 4049 1339 4119; baseline 0.007 -25"><span class='ocrx_word' id='word_1_304' title='bbox 59 4056 148 4109; x_wconf 83' lang='lat' dir='ltr'>genter</span> <span class='ocrx_word' id='word_1_305' title='bbox 167 4063 197 4095; x_wconf 92' lang='lat' dir='ltr'>ea</span> <span class='ocrx_word' id='word_1_306' title='bbox 221 4063 267 4097; x_wconf 93' lang='lat' dir='ltr'>suo</span> <span class='ocrx_word' id='word_1_307' title='bbox 286 4049 379 4097; x_wconf 87' lang='lat' dir='ltr'>Persae</span> <span class='ocrx_word' id='word_1_308' title='bbox 403 4049 648 4098; x_wconf 77' lang='lat' dir='ltr'>commendavisset?</span> <span class='ocrx_word' id='word_1_309' title='bbox 676 4049 800 4100; x_wconf 90' lang='lat' dir='ltr'>Proculus</span> <span class='ocrx_word' id='word_1_310' title='bbox 824 4059 911 4101; x_wconf 88' lang='lat' dir='ltr'>narrat</span> <span class='ocrx_word' id='word_1_311' title='bbox 934 4053 1036 4115; x_wconf 92' lang='lat' dir='ltr'>quidem</span> <span class='ocrx_word' id='word_1_312' title='bbox 1055 4054 1110 4117; x_wconf 85' lang='lat' dir='ltr'>(ad.</span> <span class='ocrx_word' id='word_1_313' title='bbox 1133 4056 1198 4118; x_wconf 79' lang='lat' dir='ltr'>Opp.</span> <span class='ocrx_word' id='word_1_314' title='bbox 1217 4071 1248 4118; x_wconf 77' lang='lat' dir='ltr'>p.</span> <span class='ocrx_word' id='word_1_315' title='bbox 1268 4054 1339 4119; x_wconf 79' lang='lat'>824),</span> 
     </span>
     <span class='ocr_line' id='line_1_35' title="bbox 57 4114 1341 4203; baseline 0.004 -20"><span class='ocrx_word' id='word_1_316' title='bbox 57 4114 283 4203; x_wconf 72' lang='grc' dir='ltr'><strong>Ὀρνιθομαντεὶαν</strong></span> <span class='ocrx_word' id='word_1_317' title='bbox 300 4135 397 4183; x_wconf 88' lang='lat' dir='ltr'>Diebus</span> <span class='ocrx_word' id='word_1_318' title='bbox 421 4134 580 4196; x_wconf 87' lang='lat' dir='ltr'>subjunctam</span> <span class='ocrx_word' id='word_1_319' title='bbox 599 4134 690 4197; x_wconf 84' lang='lat' dir='ltr'>fuisse,</span> <span class='ocrx_word' id='word_1_320' title='bbox 717 4137 761 4183; x_wconf 88' lang='lat' dir='ltr'>sed</span> <span class='ocrx_word' id='word_1_321' title='bbox 779 4136 843 4185; x_wconf 88' lang='lat' dir='ltr'>haec</span> <span class='ocrx_word' id='word_1_322' title='bbox 867 4138 907 4186; x_wconf 92' lang='lat' dir='ltr'>vel</span> <span class='ocrx_word' id='word_1_323' title='bbox 924 4139 1025 4201; x_wconf 86' lang='lat' dir='ltr'>regulas</span> <span class='ocrx_word' id='word_1_324' title='bbox 1049 4139 1174 4188; x_wconf 90' lang='lat' dir='ltr'>continuit</span> <span class='ocrx_word' id='word_1_325' title='bbox 1192 4140 1341 4203; x_wconf 88' lang='lat' dir='ltr'>auspicandi</span> 
     </span>
     <span class='ocr_line' id='line_1_36' title="bbox 60 4219 1340 4288; baseline 0.005 -22"><span class='ocrx_word' id='word_1_326' title='bbox 60 4219 112 4267; x_wconf 88' lang='lat' dir='ltr'>iam</span> <span class='ocrx_word' id='word_1_327' title='bbox 130 4219 243 4267; x_wconf 90' lang='lat' dir='ltr'>Homero</span> <span class='ocrx_word' id='word_1_328' title='bbox 262 4221 333 4269; x_wconf 86' lang='lat' dir='ltr'>tritas</span> <span class='ocrx_word' id='word_1_329' title='bbox 356 4221 397 4269; x_wconf 83' lang='lat' dir='ltr'>vel</span> <span class='ocrx_word' id='word_1_330' title='bbox 414 4221 556 4270; x_wconf 88' lang='lat' dir='ltr'>recentiore</span> <span class='ocrx_word' id='word_1_331' title='bbox 574 4227 658 4269; x_wconf 89' lang='lat' dir='ltr'>aetate</span> <span class='ocrx_word' id='word_1_332' title='bbox 682 4219 783 4282; x_wconf 85' lang='lat' dir='ltr'>adjecta</span> <span class='ocrx_word' id='word_1_333' title='bbox 800 4230 839 4271; x_wconf 88' lang='lat' dir='ltr'>est</span> <span class='ocrx_word' id='word_1_334' title='bbox 860 4224 893 4272; x_wconf 90' lang='lat' dir='ltr'>ad</span> <span class='ocrx_word' id='word_1_335' title='bbox 916 4223 1014 4272; x_wconf 88' lang='lat' dir='ltr'>calcem</span> <span class='ocrx_word' id='word_1_336' title='bbox 1031 4224 1139 4272; x_wconf 89' lang='lat' dir='ltr'>Dierum</span> <span class='ocrx_word' id='word_1_337' title='bbox 1162 4232 1266 4288; x_wconf 88' lang='lat' dir='ltr'>propter</span> <span class='ocrx_word' id='word_1_338' title='bbox 1283 4226 1340 4274; x_wconf 85' lang='lat' dir='ltr'>ulti-</span> 
     </span>
     <span class='ocr_line' id='line_1_37' title="bbox 58 4319 260 4353; baseline 0.01 -2"><span class='ocrx_word' id='word_1_339' title='bbox 58 4319 128 4351; x_wconf 88' lang='lat' dir='ltr'>mum</span> <span class='ocrx_word' id='word_1_340' title='bbox 146 4319 260 4353; x_wconf 88' lang='lat' dir='ltr'>versum:</span> 
     </span>
    </p>
   </div>
   <div class='ocr_carea' id='block_1_7' title="bbox 392 4385 982 4464">
    <p class='ocr_par' dir='ltr' id='par_1_12' title="bbox 392 4385 982 4464">
     <span class='ocr_line' id='line_1_38' title="bbox 392 4385 982 4464; baseline 0.012 -25"><span class='ocrx_word' id='word_1_341' title='bbox 392 4385 493 4461; x_wconf 74' lang='grc' dir='ltr'><strong>ὄρνιθας</strong></span> <span class='ocrx_word' id='word_1_342' title='bbox 509 4387 601 4462; x_wconf 66' lang='grc' dir='ltr'><strong>κρίνων</strong></span> <span class='ocrx_word' id='word_1_343' title='bbox 617 4390 663 4442; x_wconf 70' lang='grc' dir='ltr'>καὶ</span> <span class='ocrx_word' id='word_1_344' title='bbox 680 4388 835 4464; x_wconf 77' lang='grc' dir='ltr'><strong>ὑπερβασίας</strong></span> <span class='ocrx_word' id='word_1_345' title='bbox 852 4391 982 4446; x_wconf 73' lang='grc' dir='ltr'><strong>ἀλεείνων.</strong></span> 
     </span>
    </p>
   </div>
   <div class='ocr_carea' id='block_1_8' title="bbox 0 0 1524 4988">
    <p class='ocr_par' dir='ltr' id='par_1_13' title="bbox 0 0 1524 4988">
     <span class='ocr_line' id='line_1_39' title="bbox 0 0 1524 4988; baseline 0 0"><span class='ocrx_word' id='word_1_346' title='bbox 0 0 1524 4988; x_wconf 95' lang='lat' dir='ltr'> </span> 
     </span>
    </p>
   </div>
  </div>
 </body>
</html>
