3038 4988
738 273 778 331 99

120 470 222 553 igitur
243 472 358 534 eodem
376 471 443 534 fere
458 478 623 555 tempore,
648 494 711 553 quo
727 473 832 555 prima
853 473 922 554 ejus
939 473 1090 536 carminis
1106 474 1249 557 vestigia
1269 475 1302 537 in
1318 475 1401 538 libro

120 589 160 652 de
172 591 298 652 Mundo
316 599 516 672 comparent,
535 590 667 671 quidam
683 590 876 654 Hellanicus
892 592 1022 668 vixerit,
1040 614 1135 675 quem
1153 601 1187 655 91
1202 592 1402 656 Phoenicem

119 715 154 771 et
169 708 317 772 Stoicum
332 709 434 772 fuisse
450 709 723 773 verisimillimum
740 709 793 787 sit,
813 710 971 794 suspicari
986 712 1076 789 licet,
1094 714 1181 774 hunc
1197 733 1271 774 eum
1286 711 1400 790 fuisse,

119 850 215 911 quem
231 828 425 892 Damascius
448 854 479 912 p.
499 832 558 892 381
583 829 615 891 in
637 837 749 892 mente
770 831 903 892 habeat.
950 832 1000 893 Ac
1022 852 1063 893 ne
1079 833 1143 893 hoc
1160 831 1289 914 quidem
1313 853 1401 914 sper·

117 948 270 1026 nendum,
295 950 392 1030 quod,
415 948 442 1010 si
462 947 665 1026 Hellanicus),
687 972 767 1011 avus
784 949 991 1033 Apollodori,
1014 958 1129 1013 auctor
1148 951 1246 1032 hujus
1264 949 1401 1032 Orphici

117 1067 193 1130 libri
217 1067 296 1146 fuit,
327 1067 424 1130 facile
449 1069 490 1130 ad
512 1067 767 1150 intelligendum
792 1075 860 1146 est,
887 1071 1051 1150 quomodo
1076 1068 1147 1132 fieri
1170 1070 1331 1153 potuerit,
1351 1076 1400 1132 'ut

117 1187 263 1270 Augusti
291 1195 325 1250 et
354 1186 561 1270 sequentium
585 1188 828 1270 Imperatorum
858 1189 1060 1271 temporibus
1088 1199 1184 1252 vetus
1209 1188 1400 1272 Theogonis

118 1305 262 1389 Orphica
276 1328 379 1370 novae
396 1307 566 1389 cujusdam
582 1307 780 1370 auctoritate
798 1309 1039 1391 obscuraretur,
1056 1308 1104 1371 ita
1119 1314 1157 1369 ut
1167 1311 1399 1391 Athenagoras

117 1426 151 1489 in
167 1426 414 1509 Supplicatione
430 1427 471 1488 ad
487 1428 534 1489 M.
554 1426 722 1489 Aurelium
741 1434 775 1489 et
790 1427 829 1489 L.
848 1427 1064 1490 Commodum
1082 1448 1122 1489 ex
1137 1429 1199 1490 hac
1215 1427 1285 1510 pari
1300 1428 1397 1490 modo

120 1549 218 1629 atque
235 1567 275 1608 ex
291 1545 427 1609 Homeri
445 1554 480 1609 et
495 1545 632 1609 Hesiodi
649 1546 845 1609 carminibus
862 1568 939 1609 suae
956 1546 1189 1630 disputationis
1206 1555 1399 1629 argumenta

118 1671 266 1746 repetere
282 1688 346 1727 non
365 1665 563 1728 dubitaret.¹
610 1667 833 1750 Apollodorus
855 1665 941 1729 enim
957 1666 1103 1748 Augusti
1120 1667 1330 1750 praeceptor²
1351 1666 1399 1728 fa-

116 1784 177 1846 cile
207 1784 258 1847 avi
283 1785 333 1846 sui
357 1785 599 1867 Theogoniam,
631 1808 728 1866 quam
759 1785 859 1848 etiam
886 1786 1019 1848 Sandon
1049 1793 1143 1869 pater
1172 1785 1396 1869 explicuisset,

114 1906 236 1966 Romae
257 1912 326 1966 tam
345 1903 509 1966 illustrem
529 1905 665 1967 reddere
680 1904 805 1987 potuit,
826 1912 865 1966 ut
886 1927 952 1967 non
968 1905 1074 1966 solum
1090 1903 1314 1987 philosophis³
1337 1904 1395 1967 sed

114 2022 265 2086 omnibus
282 2023 400 2085 dehinc
417 2022 552 2085 eruditis
569 2022 756 2086 hominibus
772 2023 853 2086 trita
869 2031 966 2086 esset.

199 2142 280 2205 Quis
301 2142 403 2225 igitur
424 2141 617 2205 Hellanicus
638 2141 754 2220 fuerit,
781 2143 847 2206 iam
867 2142 947 2205 satis
968 2142 1093 2225 liquere
1118 2142 1281 2207 existima
1329 2144 1394 2207 Sed

112 2262 307 2325 Damascius
324 2261 432 2324 verbis
451 2274 469 2349 ἡ
491 2267 563 2330 κατὰ
577 2272 621 2330 τὸν
632 2269 793 2350 Ἱερώνυμον
808 2271 941 2349 φερομένη
962 2270 1006 2330 καὶ
1017 2269 1173 2331 Ἑλλάνικον
1187 2271 1314 2348 θεολογία
1329 2286 1394 2326 non

115 2383 221 2444 solum
233 2381 443 2444 Hellanicum
460 2380 634 2444 sedetiam
644 2381 882 2464 Hieronymum
899 2382 1062 2462 quendam
1077 2388 1244 2444 auctorem
1261 2383 1396 2445 alterius

117 2501 280 2583 Orphioae
306 2500 515 2583 Theogoniae
540 2501 654 2563 haberi
679 2500 815 2563 indicat.
870 2502 990 2563 Restat
1018 2499 1138 2583 igitur,
1168 2507 1207 2562 ut
1232 2501 1331 2564 etiam
1356 2503 1396 2565 de

114 2621 315 2704 Hieronymo
331 2642 435 2704 pauca
451 2620 622 2683 addamus.
669 2620 748 2682 Tres
764 2627 874 2682 autem
891 2619 1085 2702 Hieronymi
1101 2626 1189 2697 sunt,
1214 2620 1317 2702 quiin
1335 2624 1394 2684 hac

115 2741 306 2823 quaestione
323 2741 386 2804 soli
402 2740 469 2803 sint
484 2739 695 2823 respiciendi,
719 2739 843 2822 primus
859 2739 1080 2822 Hieronymus
1097 2739 1246 2802 Rhodius
1263 2741 1395 2824 Peripa-

114 2860 247 2941 teticus,
269 2861 353 2923 alter
368 2860 588 2943 Hieronymus
606 2858 797 2936 CardianuS,
820 2858 939 2921 tertius
956 2858 1176 2941 Hieronymus
1193 2859 1392 2942 Aegyptius.

114 2979 353 3061 Peripateticus
370 2985 499 3061 praeter
521 2977 584 3041 alia
604 2977 780 3061 scripserat
800 2976 936 3054 librum,
961 2976 1013 3039 cui
1032 2977 1151 3039 titulus
1175 2984 1245 3040 erat
1260 2988 1394 3064 taoaprq'·

114 3131 186 3183 ματα
201 3108 328 3186 ἱστορικά.
372 3098 446 3160 Quo
468 3097 502 3160 in
524 3097 645 3181 scripto
669 3095 770 3159 etiam
789 3097 948 3159 nonnulla
967 3095 1244 3179 mythographica
1263 3106 1394 3160 narrata

114 3216 231 3295 fuisse,
255 3218 464 3280 Harlesius
485 3216 560 3280 inde
577 3215 723 3298 colligit,
747 3216 834 3298 quod
854 3216 888 3278 in
904 3238 941 3278 eo
959 3215 1071 3278 fabula
1087 3216 1127 3278 de
1143 3215 1285 3278 Tithono
1302 3216 1392 3299 lege-

114 3336 241 3399 batur.4
286 3337 402 3399 Potuit
422 3336 523 3418 igitur
542 3336 598 3398 ille
621 3335 719 3398 etiam
743 3336 782 3397 de
803 3335 935 3417 Orpheo
958 3335 1092 3416 ejusque
1116 3344 1215 3397 cantu
1234 3336 1394 3399 nonnulla

116 3455 237 3518 ibidem
255 3456 419 3518 exhibere.
466 3456 591 3518 Eadem
607 3454 746 3517 fortasse
763 3454 796 3516 in
813 3453 934 3536 scripto
950 3463 1011 3540 περὶ
1025 3470 1141 3541 ποιητῶν
1157 3462 1191 3517 91
1207 3455 1337 3537 quidem
1360 3455 1393 3517 in

115 3574 229 3657 quinto
252 3575 321 3657 ejus
342 3575 443 3652 libro,
467 3574 522 3656 qui
543 3581 614 3637 erat
634 3575 673 3636 de
696 3572 937 3650 Citharoedis,⁵
966 3573 1130 3656 repetivit.
1179 3573 1262 3636 Cum
1282 3581 1393 3637 autem

183 3832 191 3862 ¹
211 3834 251 3883 Cf.
272 3851 348 3899 supra
363 3854 391 3900 p.
413 3841 445 3884 30
457 3853 495 3900 sq.
1241 3886 1247 3897 ,

182 3918 304 3971 ²Slrabo
326 3922 403 3981 XIV,
423 3927 484 3970 674:
516 3915 644 3990 Καίσαρος
667 3916 835 3987 καθηγήσατο
859 3917 903 3969 καὶ
927 3925 1002 3989 τιμῆς
1027 3917 1102 3992 ἔτυχε
1128 3918 1256 3989 μεγάληςς
1281 3922 1389 3971 ΙΛιοὶαπ.

115 4008 230 4056 Macrob.
246 4025 275 4072 p.
297 4011 346 4057 223
364 4010 404 4057 ed.
424 4010 510 4057 119119.-
538 4001 726 4075 Ἀθηνὸδωρος,
747 4001 885 4062 Σάνδωνος,
906 4001 1027 4075 Ταρσεὺς,
1047 4001 1168 4063 Στωϊκὸς,
1195 4004 1222 4060 ὃς
1240 4004 1283 4054 καὶ
1307 4004 1388 4055 διδάσ-

113 4089 192 4146 καλος
211 4091 309 4159 ἐγένετο
329 4087 458 4161 Καίσαρος
476 4087 605 4158 Σεβαστοῦ
625 4087 695 4140 θεοῦ.

126 4201 127 4205 =
182 4172 342 4225 a'shconcm
362 4176 537 4238 Smyrnaeum,
561 4174 735 4234 Plutarchum,
758 4175 895 4222 Tatianum
919 4191 971 4223 non
994 4177 1079 4224 minus
1104 4191 1180 4238 quam
1198 4176 1390 4238 Athenagoram

115 4260 240 4310 Hellanici
258 4264 402 4324 respexisse
420 4261 606 4324 Theogoniam,
626 4263 676 4309 iam
696 4270 754 4309 ante
774 4263 934 4309 dictumest.

181 4343 324 4405 *Febrim
342 4349 413 4397 Bidl.
437 4350 484 4396 Gr.
500 4365 529 4411 p.
549 4352 598 4395 496
617 4348 651 4396 N.

183 4429 304 4483 ssehen.
323 4434 401 4492 XIV,
416 4452 445 4499 p.
466 4438 513 4480 aas
532 4435 553 4489 f.
