3038 4988
732 230 770 294 76

115 441 181 512 est,
205 456 279 497 cum
295 456 389 497 nemo
413 432 519 497 dicere
541 433 661 516 possit,
685 455 748 516 quo
770 439 919 516 tempore
935 433 1117 517 Eumolpus
1139 439 1254 496 contra
1270 433 1393 496 Erech-

114 556 230 616 theum
253 553 377 616 bellurn
401 552 553 636 gesserit.
601 552 698 616 Certe
729 553 834 615 multo
866 559 943 616 ante
973 554 1141 616 saeculum
1172 559 1327 616 octavum
1359 551 1394 615 id

115 672 240 735 factum
264 677 326 734 est.
365 672 447 735 Quis
471 679 582 735 autem
606 694 646 735 ex
669 671 849 735 Pausaniae
874 663 1052 735 aliorumue
1077 671 1274 755 scriptorum
1298 670 1392 748 locis,

23 878 27 886 1
115 789 172 854 ubi
187 792 352 874 Pamphus
369 799 445 854 ante
463 792 630 875 Orpheum
647 790 835 854 nominatur
851 793 958 874 (Paus.
973 791 1035 869 IX,
1051 793 1101 870 27,
1115 789 1149 876 2)
1166 791 1220 854 vel
1235 791 1393 853 Musaeus

116 909 269 993 Eumolpi
288 932 373 972 nunc
390 917 484 992 pater
504 932 590 973 nunc
607 910 694 973 filius
714 910 931 994 appellatur,¹
954 909 1079 994 Orphei
1097 931 1173 973 vero
1195 917 1229 973 et
1250 909 1338 973 filius
1361 916 1395 973 et

115 1027 313 1111 discipulus²
324 1029 525 1112 perhibetur,
544 1028 626 1111 quis,
646 1029 790 1111 inquam,
802 1051 843 1092 ex
858 1029 1020 1112 ejusmodi
1035 1029 1273 1093 commenticiis
1284 1051 1394 1092 narra·

115 1147 261 1211 tionibus
279 1170 389 1211 eruere
405 1148 539 1231 poterit,
560 1171 624 1231 quo
641 1147 753 1210 ordine
769 1147 819 1209 illi
834 1154 951 1230 poetae
968 1147 1050 1210 alius
1067 1147 1167 1211 alium
1183 1147 1289 1211 secuti
1304 1147 1393 1210 sint?

114 1267 233 1350 Itaque
251 1266 357 1330 missis
373 1267 446 1329 istis
465 1267 593 1350 frigidis
613 1266 854 1350 periegetarum
874 1266 996 1330 fabulis
1017 1267 1211 1346 videndum,
1234 1266 1395 1349 numquid

115 1386 185 1449 fieri
201 1385 320 1470 possit,
344 1393 381 1448 ut
398 1408 437 1449 ex
453 1393 647 1469 argumento
663 1385 796 1449 illorum
811 1386 969 1450 librornm
985 1385 1108 1469 aliquid
1128 1386 1298 1450 decorum
1320 1407 1395 1448 suc·

116 1505 262 1569 cessione
285 1512 461 1569 statuatur.
506 1509 550 1568 At
571 1527 611 1568 ne
636 1505 681 1568 sic
705 1505 835 1588 quidem
860 1507 1003 1568 multum
1026 1505 1244 1588 proficiemus.
1284 1506 1396 1570 Pauca

116 1624 202 1689 enim
222 1631 315 1703 sunt,
338 1647 420 1708 quae
443 1625 482 1688 de
498 1624 638 1707 Pamphi
659 1631 693 1687 et
714 1624 857 1703 Musaei,
880 1624 1001 1688 nedum
1023 1625 1179 1708 Eumolpi
1199 1624 1331 1707 scriptis
1353 1625 1396 1688 ad

117 1744 284 1807 Eleusinia
300 1744 526 1827 spectantibus
544 1751 711 1826 comperta
725 1745 900 1820 habemus;
923 1767 995 1807 rara
1009 1743 1196 1827 fragmenta
1215 1745 1395 1827 cademque

116 1863 233 1926 misere
258 1885 315 1946 per
339 1864 501 1946 Zagreum
526 1863 696 1926 subditum
720 1864 925 1941 adulterata,
953 1885 1035 1946 quae
1060 1863 1102 1926 ad
1128 1886 1188 1926 nos
1216 1885 1256 1926 ex
1284 1870 1395 1926 vetere

117 1982 309 2066 Theogonia
333 1983 478 2066 Orphica
502 1990 733 2066 pervenerunt.
779 1982 926 2045 Primum
954 1981 1019 2044 iam
1047 1984 1110 2046 hoc
1139 1982 1302 2046 incertum
1331 1989 1394 2060 est,

117 2109 227 2165 utrum
251 2103 352 2185 longa
375 2101 434 2164 illa
457 2101 600 2165 narratio
626 2102 665 2165 de
690 2100 816 2164 Cereris
841 2101 1004 2164 erroribus
1030 2109 1064 2164 et
1085 2102 1219 2166 Baubus
1244 2100 1395 2165 ludibriis

116 2244 192 2305 pars
208 2222 418 2304 Theogoniae
435 2221 551 2300 fuerit,
575 2245 616 2284 an
631 2221 794 2304 peculiare
812 2220 976 2304 quoddam
997 2242 1128 2284 carmen
1142 2231 1284 2308 Δήμητρος
1301 2230 1399 2290 πλάναι

116 2342 169 2404 vel
185 2347 268 2426 Μῆννς
282 2351 422 2427 Δήμητρος
437 2340 662 2424 inscriptum.³
695 2341 759 2404 Sed
779 2340 920 2403 fortasse
940 2340 1152 2404 nihilominus
1175 2362 1213 2403 ea
1233 2338 1395 2404 relatione

116 2459 166 2524 uti
181 2459 277 2539 licet,
301 2459 376 2543 quia
393 2467 481 2524 certe
496 2459 629 2524 nomina
646 2467 679 2522 et
693 2460 893 2523 lineamenta
909 2459 1042 2523 fabulae
1058 2483 1124 2523 non
1144 2459 1274 2523 diversa
1292 2459 1395 2522 fuisse

116 2579 292 2643 verisimile
309 2586 360 2643 est
378 2580 465 2663 apud
484 2581 565 2645 duos
588 2579 764 2662 scriptores
785 2580 899 2643 ambos
917 2579 1041 2662 Orphei
1061 2601 1181 2642 nomen
1204 2578 1394 2642 ementitos.

117 2699 248 2762 Omisso
271 2699 373 2782 igitur
393 2699 485 2764 Jovis
506 2707 540 2763 et
562 2699 776 2782 Proserpinae
797 2698 942 2777 incestu,
971 2721 1011 2762 ex
1036 2721 1099 2781 quo
1123 2699 1267 2781 Zagreus
1289 2697 1396 2761 nasci·

117 2825 187 2896 tur,
210 2819 277 2882 fere
293 2821 379 2882 hunc
399 2819 432 2882 in
454 2819 588 2882 modum
609 2826 705 2882 vetus
723 2820 874 2902 Orpheus
892 2817 1018 2882 Cereris
1041 2825 1074 2881 et
1089 2817 1304 2900 Proserpinae
1327 2817 1398 2881 iata

117 2937 247 3002 videtur
263 2938 456 3002 narravisse.
482 2939 581 3001 Ceres
598 2960 638 3001 ex
653 2940 734 3001 Jove
751 2937 887 3000 enititur
903 2937 983 3000 duas
1000 2938 1095 3015 filias,
1113 2937 1231 3000 Coram
1247 2937 1299 3000 vel
1316 2938 1397 2999 Pro·

118 3057 280 3141 serpinam
297 3064 331 3120 et
347 3058 515 3121 Hecaten4
531 3059 585 3121 vel
601 3057 742 3122 Selenen
758 3058 811 3120 vel
829 3057 978 3120 Dianam.
1005 3057 1070 3120 Illa
1087 3079 1160 3120 oum
1176 3055 1322 3119 textrina
1338 3079 1398 3119 sua

117 3176 234 3240 relicta
256 3177 297 3239 ad
321 3177 490 3239 Oceanum
509 3177 605 3239 flores
626 3177 770 3259 legeret,
793 3200 811 3239 a
832 3177 974 3240 Plutone
997 3183 1091 3259 rapta
1115 3182 1181 3253 est,
1206 3175 1355 3258 quamvis
1378 3198 1397 3238 a

119 3295 363 3379 Corybantibus
380 3295 611 3358 custodiretur.
644 3297 753 3358 Mater
769 3295 870 3357 filiam
891 3295 984 3358 anxie
1006 3316 1163 3378 quaerens
1184 3294 1320 3357 tandem
1341 3295 1396 3357 de-

120 3415 205 3478 fessa
221 3415 263 3478 ad
279 3415 406 3478 fontem
423 3415 571 3501 consedit
591 3436 691 3499 prope
709 3414 915 3494 Eleusinem,
938 3414 994 3477 ubi
1013 3421 1086 3477 tum
1106 3420 1256 3498 pastores
1276 3434 1396 3496 greges

118 3534 309 3617 pascebant.
346 3536 449 3597 Erant
470 3541 581 3598 autem
602 3533 663 3596 viri
683 3547 800 3620 γηγενεῖς
820 3535 852 3596 h.
875 3557 902 3598 e.
926 3535 1170 3598 autochthones
1192 3539 1340 3616 agrestes
1363 3543 1397 3594 et

186 3705 255 3757 ²cf.
277 3708 430 3769 Gerhard,
451 3711 468 3759 l.
490 3727 511 3758 c.
527 3728 556 3775 p.
578 3714 608 3757 59
628 3711 662 3758 N.
684 3712 723 3757 78.

187 3790 259 3844 315.
279 3801 304 3843 et
321 3795 383 3858 apl.
400 3813 430 3859 p.
449 3801 508 3856 439,
529 3800 586 3842 454.

188 3877 196 3908 ¹
214 3882 276 3945 Api.
294 3898 323 3945 p.
344 3884 403 3940 827,
423 3881 455 3928 cf.
471 3899 501 3944 p.
522 3884 580 3927 591.

187 3962 278 4030 idyl.
293 3984 322 4030 p.
343 3970 400 4014 545.
432 3965 545 4014 Tertiam
569 3980 682 4014 sororem
700 3964 820 4025 Dianam,
845 3965 875 4013 ab
895 3963 991 4012 Hecate
1014 3963 1147 4026 diversam,
1173 3963 1262 4022 fuisse,
1282 3978 1315 4011 ex
1331 3962 1397 4011 locis

119 4068 135 4101 a
151 4051 320 4100 Lobeckio
344 4051 428 4099 allatis
450 4066 503 4099 non
526 4051 615 4113 liquet.
651 4050 707 4098 lmo
729 4050 835 4110 Hecate,
860 4064 926 4112 quae
944 4049 1022 4098 etiam
1045 4049 1072 4096 in
1090 4049 1228 4098 Homerico
1251 4047 1353 4110 Hymno
1370 4048 1399 4095 in

120 4136 239 4187 Cererem
262 4138 347 4186 amica
369 4145 407 4186 est
424 4137 592 4200 Proserpinae
617 4143 642 4185 et
664 4144 771 4186 matrem
795 4137 849 4199 ejus
868 4137 984 4194 adiuvat,
1009 4136 1067 4198 ipsa
1090 4142 1128 4183 est
1145 4134 1221 4182 Luna
1239 4133 1274 4197 (5.
1294 4135 1321 4182 ia
1340 4135 1397 4183 Ger.

118 4241 142 4273 v.
162 4229 194 4271 24
207 4240 255 4287 sq„
273 4223 318 4270 ubi
337 4221 393 4272 Soli
412 4223 560 4286 opponitur;
584 4240 608 4272 o.
630 4227 674 4270 52:
696 4218 807 4291 Ἑκάτη,
827 4219 903 4277 σέλας
922 4220 948 4272 ἐν
965 4217 1090 4291 χείρεσσιν
1108 4216 1216 4288 ἔχωσας
1239 4236 1263 4267 v.
1283 4224 1346 4267 440:
1367 4217 1398 4268 ἐκ

118 4312 163 4359 τοῦ
182 4307 205 4358 ol
230 4307 297 4372 [scil.
317 4306 495 4371 Proserpinae]
520 4304 646 4377 πρόπολος
667 4306 711 4357 καὶ
735 4307 822 4359 ὀπάων
845 4302 927 4358 ἔπλετ’
951 4303 1058 4369 ἄνασσα)
1082 4305 1107 4351 h.
1127 4319 1150 4352 e.
1169 4303 1265 4353 Bendis
1289 4303 1334 4352 illa
1356 4304 1398 4352 vel

118 4393 231 4444 Artemis
250 4393 296 4458 (cf.
315 4394 458 4454 Prellcr,
478 4394 560 4459 Myra.
580 4394 604 4452 I,
623 4392 684 4458 246)
703 4408 719 4441 a
736 4407 823 4442 sorore
840 4392 970 4456 Apollinis
989 4391 1096 4440 diversa.
