3038 4988
740 275 780 333 99

122 472 225 555 igitur
245 474 360 536 eodem
378 473 445 536 fere
461 480 625 557 tempore,
650 496 713 555 quo
729 475 834 557 prima
855 476 924 557 ejus
941 476 1092 539 carminis
1108 477 1251 559 vestigia
1271 478 1304 540 in
1320 478 1403 541 libro

122 591 162 654 de
174 593 300 655 Mundo
319 601 518 675 comparent,
538 592 669 673 quidam
685 593 878 656 Hellanicus
895 594 1024 671 vixerit,
1042 617 1137 678 quem
1155 604 1189 658 et
1204 597 1405 659 Phoenicem

122 717 156 773 et
171 711 319 774 Stoicum
334 711 436 774 fuisse
452 712 725 775 verisimillimum
742 712 795 790 sit,
815 713 972 796 suspicari
988 715 1078 792 licet,
1096 717 1183 777 huno
1199 737 1273 777 eum
1288 715 1402 794 fuisse,

122 852 216 911 quem
233 829 427 894 Damaseius
450 856 481 914 p.
501 834 560 894 381
584 831 617 894 in
640 839 751 895 mente
773 834 905 896 habeat.
952 836 1002 895 Ac
1024 856 1065 896 ne
1081 836 1145 896 hoc
1162 834 1292 917 quidem
1315 856 1403 917 sper-

119 950 272 1028 nendum,
297 951 394 1032 quod,
417 950 444 1012 si
464 950 667 1029 Hellanicus,
689 975 769 1014 avus
786 952 992 1035 Apollodori,
1016 961 1131 1016 auctor
1150 955 1248 1036 hujus
1266 953 1402 1036 Orphici

112 1069 195 1132 >libri
218 1069 298 1147 fuit,
329 1070 425 1132 facile
451 1071 492 1132 ad
515 1069 768 1152 intelligendum
794 1078 862 1149 est,
889 1073 1052 1153 quomodo
1078 1071 1149 1135 lieri
1171 1073 1333 1156 potuerit,
1353 1079 1402 1135 'ut

119 1188 265 1271 Augusti
293 1196 327 1252 et
356 1189 563 1272 sequentium
587 1190 829 1273 Imperatorum
859 1192 1062 1274 temporibus
1090 1203 1186 1254 vetus
1211 1191 1401 1275 Theogonis

120 1307 263 1391 Orphica
278 1331 381 1371 novae
398 1309 568 1391 eujusdam
584 1309 782 1372 auctoritate
799 1311 1041 1394 obscuraretur,
1058 1310 1105 1373 ita
1120 1317 1159 1373 ut
1168 1313 1401 1394 Athenagoras

119 1427 153 1491 in
169 1427 416 1511 Supplicatione
432 1428 473 1491 ad
489 1430 536 1491 M.
556 1428 724 1491 Aurelium
743 1437 777 1492 et
791 1430 831 1491 L.
850 1430 1066 1492 Commodum
1084 1452 1123 1492 ex
1139 1432 1200 1493 hac
1217 1431 1287 1513 pari
1302 1431 1399 1493 modo

122 1551 220 1630 atque
237 1569 277 1610 ex
292 1547 429 1611 Homeri
448 1556 482 1611 ct
497 1547 634 1610 Hesiodi
651 1548 847 1611 carminibus
865 1571 941 1611 suae
958 1549 1190 1633 disputationis
1207 1557 1400 1632 argumenta

120 1674 268 1748 repetere
284 1690 349 1730 non
366 1667 565 1730 dubitaret.¹
611 1669 835 1752 Apollodorus
856 1668 943 1731 enim
959 1669 1105 1751 Augusti
1121 1670 1331 1753 praeceptorl
1353 1669 1400 1732 fa-

118 1786 179 1849 cile
209 1786 260 1848 avi
285 1786 334 1849 sui
359 1787 601 1869 Theogoniam,
633 1809 729 1868 quam
761 1787 861 1850 etiam
887 1787 1021 1850 Sandon
1051 1796 1145 1871 pater
1174 1788 1397 1871 explicuisset,

116 1907 238 1968 Romae
258 1912 327 1968 tam
347 1905 511 1968 illustrem
531 1907 667 1969 reddere
683 1906 806 1990 potuit,
829 1915 867 1968 ut
888 1929 953 1969 non
969 1907 1075 1968 solum
1092 1906 1316 1990 philosophis⁸
1339 1907 1396 1970 sed

116 2024 267 2087 omnibus
283 2025 402 2087 dehinc
418 2024 554 2087 eruditis
571 2024 758 2088 hominibus
774 2025 854 2088 trita
870 2032 968 2088 esset.

201 2143 282 2207 Quis
302 2144 405 2226 igitur
426 2143 619 2207 Hellanicus
639 2143 755 2223 fuerit,
783 2145 848 2208 iam
868 2144 949 2207 satis
969 2144 1094 2226 liquere
1119 2144 1283 2208 existimo.
1331 2146 1396 2209 Sed

114 2263 308 2327 Damasclus
326 2263 433 2326 verbis
453 2275 470 2351 ἡ
493 2269 565 2333 κατὰ
579 2273 623 2332 τὸν
634 2271 795 2352 Ἱερώνυμον
810 2273 943 2351 φερομένη
964 2272 1007 2332 καὶ
1018 2271 1174 2333 Ἑλλάνικον
1188 2273 1316 2351 θεολογία
1330 2288 1395 2328 non

116 2385 224 2445 solum
234 2383 445 2446 Hellanicum
462 2383 520 2446 sed
535 2383 636 2446 etiam
646 2383 883 2466 Hieronymum
900 2383 1063 2464 quendam
1079 2389 1245 2447 auctorem
1262 2385 1397 2448 alterius

119 2501 282 2586 Orphicae
307 2502 517 2585 Theogoniae
542 2502 656 2565 haberi
680 2502 816 2565 indicat.
872 2504 992 2565 Restat
1020 2501 1139 2584 igitur,
1170 2509 1209 2565 ut
1233 2503 1332 2566 etiam
1357 2505 1397 2568 de

115 2622 316 2706 Hieronymo
332 2644 437 2706 pauca
452 2622 624 2685 addamus.
671 2622 749 2685 Tres
766 2628 876 2684 autem
892 2621 1087 2704 Hieronymi
1102 2629 1190 2699 sunt,
1215 2623 1318 2705 quiin
1335 2626 1396 2686 hac

117 2743 308 2824 quaestione
325 2742 387 2805 soli
403 2742 470 2804 sint
485 2740 697 2825 respiciendi,
721 2741 844 2824 primus
861 2741 1081 2824 Hieronymus
1098 2741 1248 2805 Rhodius
1264 2743 1396 2827 Peripa-

116 2861 249 2942 tetiouS,
270 2863 355 2924 alter
370 2861 589 2944 Hieronymus
607 2860 799 2937 Cardianus,
822 2860 940 2922 tertius
957 2860 1178 2943 Hieronymus
1194 2861 1394 2944 Aegyptius.

115 2980 354 3063 Peripateticus
370 2987 500 3063 praeter
522 2980 585 3042 alia
605 2979 781 3062 scripserat
800 2979 922 3041 librum
929 3029 938 3057 ,
962 2978 1014 3041 oui
1033 2979 1153 3041 titulus
1177 2986 1247 3042 erat
1261 2990 1395 3067 ὑποπμγή.

116 3132 187 3184 ματα
203 3109 329 3188 ἱστορικά.
375 3099 447 3161 Quo
469 3099 503 3161 in
525 3099 647 3184 scripto
671 3097 771 3161 etiam
790 3099 949 3161 nonnulla
969 3098 1245 3181 mythographica
1265 3108 1396 3164 narrata

115 3218 233 3296 luisse,
256 3219 465 3282 Harlesius
486 3218 561 3281 inde
579 3217 724 3300 colligit,
748 3219 835 3301 quod
856 3217 888 3280 in
906 3240 943 3280 eo
960 3217 1073 3280 fabula
1088 3219 1128 3281 dc
1145 3217 1287 3281 Tithono
1304 3220 1394 3302 lege·

117 3338 243 3400 batur.⁴
288 3339 403 3401 Potuit
423 3338 524 3420 igitur
543 3337 599 3400 ille
623 3337 720 3400 etiam
744 3338 783 3399 de
804 3337 936 3419 Orpheo
959 3337 1094 3419 ejusque
1117 3344 1216 3400 cantu
1236 3339 1395 3401 nonnulla

118 3455 239 3519 ibidem
256 3457 420 3520 exhibere.
467 3458 592 3520 Eadem
608 3456 748 3519 fortasse
764 3456 798 3518 in
814 3456 936 3538 scripto
951 3465 1012 3543 περὶ
1026 3473 1142 3544 ποιητῶν
1158 3464 1192 3519 et
1209 3457 1338 3538 quidem
1361 3458 1394 3520 in

116 3575 230 3658 quinto
253 3577 322 3659 ejus
343 3576 444 3654 libr0,
469 3576 523 3658 qui
545 3583 615 3639 erat
635 3576 674 3638 de
697 3574 903 3638 Citharoedis
910 3577 938 3653 ,⁵
967 3575 1132 3658 repetivit.
1181 3575 1263 3638 Cum
1284 3583 1395 3639 autem

184 3833 192 3863 ¹
212 3835 252 3885 Cf.
273 3853 350 3900 supra
364 3856 392 3902 p.
414 3843 446 3885 30
458 3855 496 3902 sq.
1242 3888 1248 3900 ,

183 3919 305 3972 ²Strato
327 3924 404 3983 XIV,
424 3929 484 3972 674:
517 3917 646 3992 Κοιὶοορος
668 3918 836 3988 καθηγήσατο
860 3919 904 3970 aul
928 3927 1003 3991 τιμῆς
1028 3919 1103 3994 ἔτυχε
1129 3920 1257 3991 μεγάληςς
1282 3924 1390 3974 hedam

116 4009 231 4057 Macrob.
247 4027 277 4074 p.
298 4013 347 4059 223
365 4012 405 4059 ed.
425 4012 511 4058 Retro:
539 4003 727 4077 Ἀθηνόδωρος,
748 4003 886 4064 Σάνδωνος,
907 4003 1028 4077 Ταρσεὺς,
1048 4003 1170 4065 Στωϊκὸς,
1196 4006 1223 4062 ὃς
1240 4005 1285 4056 καὶ
1308 4006 1389 4058 διδάσ-

115 4090 193 4147 καλος
212 4093 310 4161 ἐγένετο
330 4089 459 4163 Καίσαρος
477 4089 606 4160 Σεβαστοῦ
626 4089 696 4142 θεοῦ.
774 4108 776 4113 “

127 4202 128 4205 =
183 4173 343 4227 ³Theonem
363 4178 538 4240 Smyrnaeum,
563 4176 735 4235 Plutarchum,
759 4177 896 4224 Tatianum
920 4193 971 4225 non
995 4179 1080 4225 minus
1105 4193 1181 4240 quam
1199 4178 1391 4240 Athenagoram

116 4261 241 4311 Hellanioi
259 4266 403 4326 respexisse
421 4264 608 4325 Theogoniam,
627 4265 677 4311 iarn
697 4271 755 4311 ante
774 4265 870 4311 dictum
889 4271 935 4310 est.

182 4344 325 4406 ⁴Fabrie„
343 4351 414 4398 Bidl.
438 4352 485 4398 Gr.
501 4367 530 4413 p.
550 4354 599 4397 496
618 4350 652 4398 N.

184 4430 305 4484 meten.
324 4436 402 4494 XIV,
417 4453 446 4500 p.
467 4440 514 4482 635
533 4437 554 4491 f.
