<?xml version="1.0" encoding="UTF-8"?>
<!DOCTYPE html PUBLIC "-//W3C//DTD XHTML 1.0 Transitional//EN"
    "http://www.w3.org/TR/xhtml1/DTD/xhtml1-transitional.dtd">
<html xmlns="http://www.w3.org/1999/xhtml" xml:lang="en" lang="en">
 <head>
  <title>
</title>
<meta http-equiv="Content-Type" content="text/html;charset=utf-8" />
  <meta name='ocr-system' content='tesseract 3.04.00' />
  <meta name='ocr-capabilities' content='ocr_page ocr_carea ocr_par ocr_line ocrx_word'/>
</head>
<body>
  <div class='ocr_page' id='page_1' title='image "./deveterisorphic01schugoog_0086.png"; bbox 0 0 3038 4988; ppageno 0'>
   <div class='ocr_carea' id='block_1_1' title="bbox 729 249 768 312">
    <p class='ocr_par' dir='ltr' id='par_1_1' title="bbox 729 249 768 312">
     <span class='ocr_line' id='line_1_1' title="bbox 729 249 768 312; baseline 0 0"><span class='ocrx_word' id='word_1_1' title='bbox 729 249 768 312; x_wconf 85' lang='grc'>77</span> 
     </span>
    </p>
   </div>
   <div class='ocr_carea' id='block_1_2' title="bbox 112 449 1395 656">
    <p class='ocr_par' dir='ltr' id='par_1_2' title="bbox 112 449 1395 656">
     <span class='ocr_line' id='line_1_2' title="bbox 114 449 1395 539; baseline 0.004 -28"><span class='ocrx_word' id='word_1_2' title='bbox 114 449 248 527; x_wconf 88' lang='lat' dir='ltr'>inculti,</span> <span class='ocrx_word' id='word_1_3' title='bbox 275 450 394 532; x_wconf 91' lang='lat' dir='ltr'>quibus</span> <span class='ocrx_word' id='word_1_4' title='bbox 419 450 552 514; x_wconf 85' lang='lat' dir='ltr'>nomina</span> <span class='ocrx_word' id='word_1_5' title='bbox 575 450 666 514; x_wconf 85' lang='lat' dir='ltr'>fuere</span> <span class='ocrx_word' id='word_1_6' title='bbox 690 460 845 533; x_wconf 79' lang='grc' dir='ltr'>Δυσαύλου,</span> <span class='ocrx_word' id='word_1_7' title='bbox 870 460 1069 539; x_wconf 84' lang='grc' dir='ltr'><strong>Τριπτολέμου,</strong></span> <span class='ocrx_word' id='word_1_8' title='bbox 1093 459 1262 538; x_wconf 83' lang='grc' dir='ltr'>Εύβουλέως.</span> <span class='ocrx_word' id='word_1_9' title='bbox 1302 454 1395 516; x_wconf 84' lang='lat' dir='ltr'>Uxor</span> 
     </span>
     <span class='ocr_line' id='line_1_3' title="bbox 112 568 1393 656; baseline 0.004 -26"><span class='ocrx_word' id='word_1_10' title='bbox 112 568 269 652; x_wconf 87' lang='lat' dir='ltr'>Dysaulis</span> <span class='ocrx_word' id='word_1_11' title='bbox 285 568 416 633; x_wconf 87' lang='lat' dir='ltr'>videtur</span> <span class='ocrx_word' id='word_1_12' title='bbox 431 568 533 633; x_wconf 85' lang='lat' dir='ltr'>fuisse</span> <span class='ocrx_word' id='word_1_13' title='bbox 548 571 676 656; x_wconf 79' lang='grc' dir='ltr'>Βαυβυί,1</span> <span class='ocrx_word' id='word_1_14' title='bbox 694 570 782 632; x_wconf 87' lang='lat' dir='ltr'>iilius</span> <span class='ocrx_word' id='word_1_15' title='bbox 798 570 1031 653; x_wconf 69' lang='lat' dir='ltr'><strong>Triptolemus.</strong></span> <span class='ocrx_word' id='word_1_16' title='bbox 1063 572 1238 635; x_wconf 84' lang='lat' dir='ltr'>Praeterea</span> <span class='ocrx_word' id='word_1_17' title='bbox 1252 572 1393 636; x_wconf 84' lang='lat' dir='ltr'>fortasse</span> 
     </span>
    </p>
   </div>
   <div class='ocr_carea' id='block_1_3' title="bbox 113 687 1398 898">
    <p class='ocr_par' dir='ltr' id='par_1_3' title="bbox 113 687 1398 898">
     <span class='ocr_line' id='line_1_4' title="bbox 114 687 1398 778; baseline 0.008 -28"><span class='ocrx_word' id='word_1_18' title='bbox 114 687 213 750; x_wconf 88' lang='lat' dir='ltr'>etiam</span> <span class='ocrx_word' id='word_1_19' title='bbox 230 688 371 752; x_wconf 82' lang='lat' dir='ltr'>tiliaciis</span> <span class='ocrx_word' id='word_1_20' title='bbox 388 696 481 752; x_wconf 84' lang='lat' dir='ltr'>erant</span> <span class='ocrx_word' id='word_1_21' title='bbox 498 689 725 774; x_wconf 85' lang='lat' dir='ltr'>(Harpocratio</span> <span class='ocrx_word' id='word_1_22' title='bbox 748 711 781 772; x_wconf 91' lang='lat' dir='ltr'>p.</span> <span class='ocrx_word' id='word_1_23' title='bbox 799 693 857 753; x_wconf 85' lang='lat'>90:</span> <span class='ocrx_word' id='word_1_24' title='bbox 879 697 1019 776; x_wconf 78' lang='grc' dir='ltr'>Δυσαύλην</span> <span class='ocrx_word' id='word_1_25' title='bbox 1038 729 1080 738; x_wconf 94' lang='grc'>-</span> <span class='ocrx_word' id='word_1_26' title='bbox 1101 700 1290 777; x_wconf 73' lang='grc' dir='ltr'>συνοικήσαντα</span> <span class='ocrx_word' id='word_1_27' title='bbox 1309 700 1398 778; x_wconf 82' lang='grc' dir='ltr'>Βαβαῖ</span> 
     </span>
     <span class='ocr_line' id='line_1_5' title="bbox 113 807 1396 898; baseline 0.001 -22"><span class='ocrx_word' id='word_1_28' title='bbox 113 821 187 898; x_wconf 86' lang='grc' dir='ltr'>σχεῖν</span> <span class='ocrx_word' id='word_1_29' title='bbox 203 820 300 882; x_wconf 85' lang='grc' dir='ltr'>παῖδας</span> <span class='ocrx_word' id='word_1_30' title='bbox 315 817 473 895; x_wconf 84' lang='grc' dir='ltr'>Προνιυνύην</span> <span class='ocrx_word' id='word_1_31' title='bbox 490 818 535 877; x_wconf 82' lang='grc' dir='ltr'>καὶ</span> <span class='ocrx_word' id='word_1_32' title='bbox 548 811 644 891; x_wconf 82' lang='grc' dir='ltr'>Νύσαν)</span> <span class='ocrx_word' id='word_1_33' title='bbox 666 829 795 871; x_wconf 82' lang='lat' dir='ltr'>necnon</span> <span class='ocrx_word' id='word_1_34' title='bbox 815 807 924 871; x_wconf 70' lang='lat' dir='ltr'>infans</span> <span class='ocrx_word' id='word_1_35' title='bbox 944 813 1091 896; x_wconf 78' lang='grc' dir='ltr'>τηλύγετος</span> <span class='ocrx_word' id='word_1_36' title='bbox 1111 810 1166 894; x_wconf 75' lang='lat' dir='ltr'><strong>(Of.</strong></span> <span class='ocrx_word' id='word_1_37' title='bbox 1184 809 1227 873; x_wconf 86' lang='grc' dir='ltr'>Η.</span> <span class='ocrx_word' id='word_1_38' title='bbox 1245 810 1344 873; x_wconf 81' lang='lat' dir='ltr'>Hom·</span> <span class='ocrx_word' id='word_1_39' title='bbox 1361 809 1396 873; x_wconf 78' lang='lat' dir='ltr'>in</span> 
     </span>
    </p>
   </div>
   <div class='ocr_carea' id='block_1_4' title="bbox 114 927 1396 1017">
    <p class='ocr_par' dir='ltr' id='par_1_4' title="bbox 114 927 1396 1017">
     <span class='ocr_line' id='line_1_6' title="bbox 114 927 1396 1017; baseline 0.002 -28"><span class='ocrx_word' id='word_1_40' title='bbox 114 927 187 989; x_wconf 87' lang='lat' dir='ltr'>Cer.</span> <span class='ocrx_word' id='word_1_41' title='bbox 212 951 244 990; x_wconf 87' lang='lat' dir='ltr'>v.</span> <span class='ocrx_word' id='word_1_42' title='bbox 270 931 331 991; x_wconf 78' lang='lat' dir='ltr'>lot</span> <span class='ocrx_word' id='word_1_43' title='bbox 355 930 428 1010; x_wconf 68' lang='grc' dir='ltr'>οη),</span> <span class='ocrx_word' id='word_1_44' title='bbox 456 928 508 991; x_wconf 91' lang='lat' dir='ltr'>cui</span> <span class='ocrx_word' id='word_1_45' title='bbox 532 949 650 990; x_wconf 91' lang='lat' dir='ltr'>nomen</span> <span class='ocrx_word' id='word_1_46' title='bbox 677 933 748 990; x_wconf 80' lang='lat' dir='ltr'>erat</span> <span class='ocrx_word' id='word_1_47' title='bbox 769 928 902 1017; x_wconf 61' lang='grc' dir='ltr'>Ἰοὶκχῳ.Δ</span> <span class='ocrx_word' id='word_1_48' title='bbox 949 928 1047 991; x_wconf 86' lang='lat' dir='ltr'>Ceres</span> <span class='ocrx_word' id='word_1_49' title='bbox 1072 928 1185 1011; x_wconf 82' lang='lat' dir='ltr'>igitur,</span> <span class='ocrx_word' id='word_1_50' title='bbox 1212 929 1352 992; x_wconf 83' lang='lat' dir='ltr'>fortasse</span> <span class='ocrx_word' id='word_1_51' title='bbox 1377 951 1396 992; x_wconf 88' lang='lat' dir='ltr'>a</span> 
     </span>
    </p>
   </div>
   <div class='ocr_carea' id='block_1_5' title="bbox 85 1064 1453 4533">
    <p class='ocr_par' dir='ltr' id='par_1_5' title="bbox 85 1064 1453 2342">
     <span class='ocr_line' id='line_1_7' title="bbox 85 1064 1396 1150; baseline 0.001 -19"><span class='ocrx_word' id='word_1_52' title='bbox 85 1064 91 1078; x_wconf 60' lang='lat'>⁸</span> <span class='ocrx_word' id='word_1_53' title='bbox 183 1080 300 1132; x_wconf 86' lang='lat' dir='ltr'>¹Bcubo</span> <span class='ocrx_word' id='word_1_54' title='bbox 324 1091 349 1133; x_wconf 90' lang='lat' dir='ltr'>et</span> <span class='ocrx_word' id='word_1_55' title='bbox 371 1085 497 1147; x_wconf 88' lang='lat' dir='ltr'>Dysaules</span> <span class='ocrx_word' id='word_1_56' title='bbox 521 1085 588 1147; x_wconf 91' lang='lat' dir='ltr'>apud</span> <span class='ocrx_word' id='word_1_57' title='bbox 612 1081 772 1132; x_wconf 83' lang='lat' dir='ltr'>Clementem</span> <span class='ocrx_word' id='word_1_58' title='bbox 794 1083 836 1132; x_wconf 80' lang='lat' dir='ltr'>Al.</span> <span class='ocrx_word' id='word_1_59' title='bbox 863 1084 1007 1149; x_wconf 77' lang='lat' dir='ltr'>(Protrept.</span> <span class='ocrx_word' id='word_1_60' title='bbox 1028 1086 1068 1143; x_wconf 87' lang='grc' dir='ltr'>ΙΙ,</span> <span class='ocrx_word' id='word_1_61' title='bbox 1086 1091 1119 1133; x_wconf 83' lang='lat'>20</span> <span class='ocrx_word' id='word_1_62' title='bbox 1135 1103 1163 1150; x_wconf 83' lang='lat' dir='ltr'>p.</span> <span class='ocrx_word' id='word_1_63' title='bbox 1187 1086 1215 1133; x_wconf 82' lang='lat'>17</span> <span class='ocrx_word' id='word_1_64' title='bbox 1234 1084 1328 1148; x_wconf 68' lang='lat' dir='ltr'>Pota),</span> <span class='ocrx_word' id='word_1_65' title='bbox 1353 1085 1396 1133; x_wconf 90' lang='lat' dir='ltr'>cui</span> 
     </span>
     <span class='ocr_line' id='line_1_8' title="bbox 113 1165 1396 1239; baseline 0.004 -23"><span class='ocrx_word' id='word_1_66' title='bbox 113 1169 226 1216; x_wconf 83' lang='lat' dir='ltr'>maxime</span> <span class='ocrx_word' id='word_1_67' title='bbox 250 1169 372 1218; x_wconf 85' lang='lat' dir='ltr'>debemus</span> <span class='ocrx_word' id='word_1_68' title='bbox 394 1169 461 1218; x_wconf 90' lang='lat' dir='ltr'>hanc</span> <span class='ocrx_word' id='word_1_69' title='bbox 485 1171 665 1228; x_wconf 76' lang='lat' dir='ltr'>narrationem,</span> <span class='ocrx_word' id='word_1_70' title='bbox 690 1169 877 1232; x_wconf 90' lang='lat' dir='ltr'>primumcum</span> <span class='ocrx_word' id='word_1_71' title='bbox 896 1169 1054 1233; x_wconf 81' lang='lat' dir='ltr'>Triptolemo</span> <span class='ocrx_word' id='word_1_72' title='bbox 1079 1170 1268 1234; x_wconf 84' lang='lat' dir='ltr'>conjunguntur</span> <span class='ocrx_word' id='word_1_73' title='bbox 1286 1165 1396 1239; x_wconf 81' lang='grc' dir='ltr'>(Βαυβὼ</span> 
     </span>
     <span class='ocr_line' id='line_1_9' title="bbox 113 1248 1397 1326; baseline 0.002 -23"><span class='ocrx_word' id='word_1_74' title='bbox 113 1252 157 1303; x_wconf 89' lang='grc' dir='ltr'>καὶ</span> <span class='ocrx_word' id='word_1_75' title='bbox 176 1248 310 1322; x_wconf 79' lang='grc' dir='ltr'>Δυσαύλης</span> <span class='ocrx_word' id='word_1_76' title='bbox 327 1254 372 1305; x_wconf 80' lang='grc' dir='ltr'>καὶ</span> <span class='ocrx_word' id='word_1_77' title='bbox 389 1251 583 1326; x_wconf 79' lang='grc' dir='ltr'>Τριπτόλεμος),</span> <span class='ocrx_word' id='word_1_78' title='bbox 610 1255 701 1303; x_wconf 88' lang='lat' dir='ltr'>deinde</span> <span class='ocrx_word' id='word_1_79' title='bbox 724 1255 816 1303; x_wconf 86' lang='lat' dir='ltr'>ceteris</span> <span class='ocrx_word' id='word_1_80' title='bbox 839 1255 939 1304; x_wconf 91' lang='lat' dir='ltr'>duobus</span> <span class='ocrx_word' id='word_1_81' title='bbox 963 1264 1126 1318; x_wconf 89' lang='lat' dir='ltr'>opponuntur</span> <span class='ocrx_word' id='word_1_82' title='bbox 1144 1254 1195 1320; x_wconf 79' lang='grc' dir='ltr'>(ἔτι</span> <span class='ocrx_word' id='word_1_83' title='bbox 1213 1255 1241 1306; x_wconf 73' lang='grc' dir='ltr'>δὲ</span> <span class='ocrx_word' id='word_1_84' title='bbox 1260 1251 1397 1322; x_wconf 70' lang='grc' dir='ltr'>Εὔμολπός</span> 
     </span>
     <span class='ocr_line' id='line_1_10' title="bbox 114 1334 1397 1406; baseline -0.002 -17"><span class='ocrx_word' id='word_1_85' title='bbox 114 1357 142 1389; x_wconf 91' lang='grc' dir='ltr'>τε</span> <span class='ocrx_word' id='word_1_86' title='bbox 160 1337 204 1389; x_wconf 89' lang='grc' dir='ltr'>καὶ</span> <span class='ocrx_word' id='word_1_87' title='bbox 227 1334 394 1406; x_wconf 86' lang='grc' dir='ltr'>Εύβουλεύς).</span> <span class='ocrx_word' id='word_1_88' title='bbox 432 1337 526 1388; x_wconf 83' lang='lat' dir='ltr'>Celeus</span> <span class='ocrx_word' id='word_1_89' title='bbox 548 1354 581 1388; x_wconf 88' lang='lat' dir='ltr'>ne</span> <span class='ocrx_word' id='word_1_90' title='bbox 605 1339 751 1388; x_wconf 89' lang='lat' dir='ltr'>nominatur</span> <span class='ocrx_word' id='word_1_91' title='bbox 774 1339 885 1402; x_wconf 90' lang='lat' dir='ltr'>quidem.</span> <span class='ocrx_word' id='word_1_92' title='bbox 922 1340 1002 1388; x_wconf 92' lang='lat' dir='ltr'>Porro</span> <span class='ocrx_word' id='word_1_93' title='bbox 1025 1341 1128 1389; x_wconf 88' lang='lat' dir='ltr'>nonnisi</span> <span class='ocrx_word' id='word_1_94' title='bbox 1146 1341 1325 1404; x_wconf 82' lang='lat' dir='ltr'>Triptolemus,</span> <span class='ocrx_word' id='word_1_95' title='bbox 1345 1340 1397 1388; x_wconf 93' lang='lat' dir='ltr'>Eu·</span> 
     </span>
     <span class='ocr_line' id='line_1_11' title="bbox 113 1415 1453 1488; baseline 0.002 -17"><span class='ocrx_word' id='word_1_96' title='bbox 113 1425 223 1488; x_wconf 88' lang='lat' dir='ltr'>molpus,</span> <span class='ocrx_word' id='word_1_97' title='bbox 250 1425 382 1475; x_wconf 80' lang='lat' dir='ltr'>Eubuleus</span> <span class='ocrx_word' id='word_1_98' title='bbox 405 1435 521 1488; x_wconf 88' lang='lat' dir='ltr'>pastores</span> <span class='ocrx_word' id='word_1_99' title='bbox 544 1426 670 1474; x_wconf 89' lang='lat' dir='ltr'>dicuntur.</span> <span class='ocrx_word' id='word_1_100' title='bbox 706 1425 735 1473; x_wconf 91' lang='lat' dir='ltr'>Id</span> <span class='ocrx_word' id='word_1_101' title='bbox 760 1426 828 1487; x_wconf 89' lang='lat' dir='ltr'>quod</span> <span class='ocrx_word' id='word_1_102' title='bbox 855 1426 891 1473; x_wconf 88' lang='lat' dir='ltr'>ita</span> <span class='ocrx_word' id='word_1_103' title='bbox 918 1425 1042 1488; x_wconf 86' lang='lat' dir='ltr'>intelligo,</span> <span class='ocrx_word' id='word_1_104' title='bbox 1070 1433 1098 1474; x_wconf 89' lang='lat' dir='ltr'>ut</span> <span class='ocrx_word' id='word_1_105' title='bbox 1120 1426 1270 1488; x_wconf 86' lang='lat' dir='ltr'>Dysaulem‚</span> <span class='ocrx_word' id='word_1_106' title='bbox 1298 1433 1396 1488; x_wconf 87' lang='lat' dir='ltr'>patrem</span> <span class='ocrx_word' id='word_1_107' title='bbox 1451 1415 1453 1421; x_wconf 59' lang='grc'>’</span> 
     </span>
     <span class='ocr_line' id='line_1_12' title="bbox 114 1509 1397 1574; baseline 0 -16"><span class='ocrx_word' id='word_1_108' title='bbox 114 1510 275 1573; x_wconf 86' lang='lat' dir='ltr'>Triptolemi,</span> <span class='ocrx_word' id='word_1_109' title='bbox 294 1517 398 1574; x_wconf 90' lang='lat' dir='ltr'>propter</span> <span class='ocrx_word' id='word_1_110' title='bbox 416 1518 573 1560; x_wconf 88' lang='lat' dir='ltr'>senectutem</span> <span class='ocrx_word' id='word_1_111' title='bbox 591 1509 644 1558; x_wconf 86' lang='lat' dir='ltr'>filio</span> <span class='ocrx_word' id='word_1_112' title='bbox 662 1523 766 1572; x_wconf 86' lang='lat' dir='ltr'>gregem</span> <span class='ocrx_word' id='word_1_113' title='bbox 784 1510 942 1572; x_wconf 89' lang='lat' dir='ltr'>pascendum</span> <span class='ocrx_word' id='word_1_114' title='bbox 960 1510 1119 1559; x_wconf 90' lang='lat' dir='ltr'>commisisse</span> <span class='ocrx_word' id='word_1_115' title='bbox 1137 1511 1261 1574; x_wconf 89' lang='lat' dir='ltr'>suspicer,</span> <span class='ocrx_word' id='word_1_116' title='bbox 1280 1511 1313 1558; x_wconf 87' lang='lat' dir='ltr'>cf.</span> <span class='ocrx_word' id='word_1_117' title='bbox 1332 1511 1397 1559; x_wconf 87' lang='lat' dir='ltr'>Har·</span> 
     </span>
     <span class='ocr_line' id='line_1_13' title="bbox 113 1588 1397 1667; baseline 0.002 -24"><span class='ocrx_word' id='word_1_118' title='bbox 113 1596 269 1658; x_wconf 89' lang='lat' dir='ltr'>pocrationis</span> <span class='ocrx_word' id='word_1_119' title='bbox 287 1596 459 1645; x_wconf 82' lang='lat' dir='ltr'>narrationem</span> <span class='ocrx_word' id='word_1_120' title='bbox 478 1597 520 1662; x_wconf 79' lang='lat' dir='ltr'>(p.</span> <span class='ocrx_word' id='word_1_121' title='bbox 541 1600 582 1656; x_wconf 86' lang='lat'>90,</span> <span class='ocrx_word' id='word_1_122' title='bbox 602 1596 664 1660; x_wconf 70' lang='lat' dir='ltr'>Ayl.</span> <span class='ocrx_word' id='word_1_123' title='bbox 680 1614 710 1659; x_wconf 79' lang='lat' dir='ltr'>p.</span> <span class='ocrx_word' id='word_1_124' title='bbox 729 1593 804 1658; x_wconf 78' lang='lat'>823):</span> <span class='ocrx_word' id='word_1_125' title='bbox 822 1588 1018 1664; x_wconf 78' lang='grc' dir='ltr'>Ἀσκληπιάδης</span> <span class='ocrx_word' id='word_1_126' title='bbox 1034 1595 1078 1646; x_wconf 81' lang='grc' dir='ltr'>τὸν</span> <span class='ocrx_word' id='word_1_127' title='bbox 1095 1590 1231 1664; x_wconf 72' lang='grc' dir='ltr'>Δυσαύλην</span> <span class='ocrx_word' id='word_1_128' title='bbox 1249 1592 1397 1667; x_wconf 73' lang='grc' dir='ltr'>αὐτόχθονα</span> 
     </span>
     <span class='ocr_line' id='line_1_14' title="bbox 115 1666 1398 1751; baseline 0.001 -20"><span class='ocrx_word' id='word_1_129' title='bbox 115 1677 180 1731; x_wconf 73' lang='grc' dir='ltr'>εἶναί</span> <span class='ocrx_word' id='word_1_130' title='bbox 204 1666 274 1751; x_wconf 74' lang='grc' dir='ltr'>φησι,</span> <span class='ocrx_word' id='word_1_131' title='bbox 300 1680 482 1749; x_wconf 72' lang='grc' dir='ltr'>συνοικήσαντα</span> <span class='ocrx_word' id='word_1_132' title='bbox 507 1680 536 1732; x_wconf 73' lang='grc' dir='ltr'>δὲ</span> <span class='ocrx_word' id='word_1_133' title='bbox 559 1676 660 1748; x_wconf 88' lang='grc' dir='ltr'>Βαυβυῖ</span> <span class='ocrx_word' id='word_1_134' title='bbox 683 1684 757 1750; x_wconf 81' lang='grc' dir='ltr'>σχεῖν</span> <span class='ocrx_word' id='word_1_135' title='bbox 778 1678 873 1736; x_wconf 73' lang='grc' dir='ltr'>παῖδας</span> <span class='ocrx_word' id='word_1_136' title='bbox 892 1675 1046 1750; x_wconf 83' lang='grc' dir='ltr'>Πρωτονόην</span> <span class='ocrx_word' id='word_1_137' title='bbox 1064 1680 1108 1732; x_wconf 88' lang='grc' dir='ltr'>καὶ</span> <span class='ocrx_word' id='word_1_138' title='bbox 1127 1677 1222 1743; x_wconf 72' lang='grc' dir='ltr'>Νύσαν,</span> <span class='ocrx_word' id='word_1_139' title='bbox 1252 1684 1398 1732; x_wconf 76' lang='lat' dir='ltr'>Pausanias</span> 
     </span>
     <span class='ocr_line' id='line_1_15' title="bbox 114 1760 1395 1837; baseline 0.002 -23"><span class='ocrx_word' id='word_1_140' title='bbox 114 1769 138 1825; x_wconf 92' lang='lat' dir='ltr'>I,</span> <span class='ocrx_word' id='word_1_141' title='bbox 160 1772 198 1828; x_wconf 83' lang='lat'>14,</span> <span class='ocrx_word' id='word_1_142' title='bbox 220 1773 248 1816; x_wconf 78' lang='lat'>2:</span> <span class='ocrx_word' id='word_1_143' title='bbox 273 1763 322 1836; x_wconf 80' lang='grc' dir='ltr'>ἔπη</span> <span class='ocrx_word' id='word_1_144' title='bbox 347 1760 436 1835; x_wconf 81' lang='grc' dir='ltr'>ᾅδεται</span> <span class='ocrx_word' id='word_1_145' title='bbox 456 1761 573 1837; x_wconf 77' lang='grc' dir='ltr'>Ὀρφέως</span> <span class='ocrx_word' id='word_1_146' title='bbox 590 1795 623 1802; x_wconf 91' lang='grc'>-</span> <span class='ocrx_word' id='word_1_147' title='bbox 643 1761 772 1833; x_wconf 83' lang='grc' dir='ltr'>Εὐβουλεῖ</span> <span class='ocrx_word' id='word_1_148' title='bbox 793 1764 838 1815; x_wconf 85' lang='grc' dir='ltr'>καὶ</span> <span class='ocrx_word' id='word_1_149' title='bbox 856 1761 1024 1836; x_wconf 79' lang='grc' dir='ltr'>Τριπτολέμῳ</span> <span class='ocrx_word' id='word_1_150' title='bbox 1042 1761 1178 1836; x_wconf 86' lang='grc' dir='ltr'>Δυσαύλην</span> <span class='ocrx_word' id='word_1_151' title='bbox 1201 1766 1300 1837; x_wconf 79' lang='grc' dir='ltr'>πατέρα</span> <span class='ocrx_word' id='word_1_152' title='bbox 1323 1763 1395 1826; x_wconf 77' lang='grc' dir='ltr'>εἶναι,</span> 
     </span>
     <span class='ocr_line' id='line_1_16' title="bbox 115 1845 1396 1924; baseline 0.001 -22"><span class='ocrx_word' id='word_1_153' title='bbox 115 1852 240 1921; x_wconf 91' lang='grc' dir='ltr'>μηνύσασι</span> <span class='ocrx_word' id='word_1_154' title='bbox 259 1851 287 1903; x_wconf 81' lang='grc' dir='ltr'>δέ</span> <span class='ocrx_word' id='word_1_155' title='bbox 306 1868 372 1923; x_wconf 78' lang='grc' dir='ltr'>σφισι</span> <span class='ocrx_word' id='word_1_156' title='bbox 388 1851 446 1922; x_wconf 77' lang='grc' dir='ltr'>περὶ</span> <span class='ocrx_word' id='word_1_157' title='bbox 463 1857 510 1921; x_wconf 80' lang='grc' dir='ltr'>τῆς</span> <span class='ocrx_word' id='word_1_158' title='bbox 532 1851 622 1911; x_wconf 80' lang='grc' dir='ltr'>παιδὸς</span> <span class='ocrx_word' id='word_1_159' title='bbox 644 1848 750 1920; x_wconf 72' lang='grc' dir='ltr'>δοθῆναι</span> <span class='ocrx_word' id='word_1_160' title='bbox 773 1849 842 1921; x_wconf 84' lang='grc' dir='ltr'>παρὰ</span> <span class='ocrx_word' id='word_1_161' title='bbox 860 1855 907 1919; x_wconf 81' lang='grc' dir='ltr'>τῆς</span> <span class='ocrx_word' id='word_1_162' title='bbox 924 1845 1062 1923; x_wconf 80' lang='grc' dir='ltr'>Δήμητρος</span> <span class='ocrx_word' id='word_1_163' title='bbox 1083 1857 1183 1923; x_wconf 79' lang='grc' dir='ltr'>σπεῖραι</span> <span class='ocrx_word' id='word_1_164' title='bbox 1200 1851 1258 1909; x_wconf 87' lang='grc' dir='ltr'>τοὺς</span> <span class='ocrx_word' id='word_1_165' title='bbox 1275 1852 1396 1924; x_wconf 88' lang='grc' dir='ltr'>καρπούς.</span> 
     </span>
     <span class='ocr_line' id='line_1_17' title="bbox 114 1936 1395 2003; baseline 0 -17"><span class='ocrx_word' id='word_1_166' title='bbox 114 1938 179 1986; x_wconf 84' lang='lat' dir='ltr'>Item</span> <span class='ocrx_word' id='word_1_167' title='bbox 192 1937 298 1986; x_wconf 88' lang='lat' dir='ltr'>Phliasii</span> <span class='ocrx_word' id='word_1_168' title='bbox 317 1938 444 1997; x_wconf 83' lang='lat' dir='ltr'>dixerunt,</span> <span class='ocrx_word' id='word_1_169' title='bbox 463 1937 584 2000; x_wconf 88' lang='lat' dir='ltr'>mysteria</span> <span class='ocrx_word' id='word_1_170' title='bbox 595 1936 729 1985; x_wconf 80' lang='lat' dir='ltr'>Eleusinia</span> <span class='ocrx_word' id='word_1_171' title='bbox 747 1937 888 1999; x_wconf 86' lang='lat' dir='ltr'>aDysaule</span> <span class='ocrx_word' id='word_1_172' title='bbox 906 1936 1022 1985; x_wconf 91' lang='lat' dir='ltr'>instituta</span> <span class='ocrx_word' id='word_1_173' title='bbox 1040 1952 1096 1986; x_wconf 86' lang='lat' dir='ltr'>esse</span> <span class='ocrx_word' id='word_1_174' title='bbox 1110 1937 1235 2003; x_wconf 79' lang='grc' dir='ltr'>(Ραασαα.</span> <span class='ocrx_word' id='word_1_175' title='bbox 1249 1940 1289 1998; x_wconf 91' lang='grc' dir='ltr'>ΙΙ,</span> <span class='ocrx_word' id='word_1_176' title='bbox 1305 1945 1344 1987; x_wconf 94' lang='grc'>14.</span> <span class='ocrx_word' id='word_1_177' title='bbox 1359 1939 1395 2002; x_wconf 82' lang='grc'>2).</span> 
     </span>
     <span class='ocr_line' id='line_1_18' title="bbox 114 2020 1398 2086; baseline 0.001 -15"><span class='ocrx_word' id='word_1_178' title='bbox 114 2024 204 2085; x_wconf 86' lang='lat' dir='ltr'>Itaque</span> <span class='ocrx_word' id='word_1_179' title='bbox 228 2038 266 2084; x_wconf 86' lang='lat' dir='ltr'>ea,</span> <span class='ocrx_word' id='word_1_180' title='bbox 293 2037 358 2085; x_wconf 88' lang='lat' dir='ltr'>quae</span> <span class='ocrx_word' id='word_1_181' title='bbox 383 2020 521 2084; x_wconf 80' lang='lat' dir='ltr'>Gregorius</span> <span class='ocrx_word' id='word_1_182' title='bbox 543 2021 606 2070; x_wconf 82' lang='lat' dir='ltr'>Nar.</span> <span class='ocrx_word' id='word_1_183' title='bbox 632 2022 706 2086; x_wconf 69' lang='lat' dir='ltr'>(Api.</span> <span class='ocrx_word' id='word_1_184' title='bbox 722 2040 751 2085; x_wconf 82' lang='lat' dir='ltr'>p.</span> <span class='ocrx_word' id='word_1_185' title='bbox 773 2020 886 2086; x_wconf 80' lang='lat' dir='ltr'>823rq.)</span> <span class='ocrx_word' id='word_1_186' title='bbox 911 2022 1006 2083; x_wconf 86' lang='lat' dir='ltr'>aliique</span> <span class='ocrx_word' id='word_1_187' title='bbox 1028 2023 1059 2071; x_wconf 88' lang='lat' dir='ltr'>de</span> <span class='ocrx_word' id='word_1_188' title='bbox 1084 2021 1184 2072; x_wconf 88' lang='lat' dir='ltr'>Cereris</span> <span class='ocrx_word' id='word_1_189' title='bbox 1207 2039 1265 2072; x_wconf 86' lang='lat' dir='ltr'>cum</span> <span class='ocrx_word' id='word_1_190' title='bbox 1291 2039 1340 2072; x_wconf 90' lang='lat' dir='ltr'>uno</span> <span class='ocrx_word' id='word_1_191' title='bbox 1365 2039 1398 2073; x_wconf 87' lang='lat' dir='ltr'>ex</span> 
     </span>
     <span class='ocr_line' id='line_1_19' title="bbox 114 2106 1397 2172; baseline 0.002 -16"><span class='ocrx_word' id='word_1_192' title='bbox 114 2108 258 2172; x_wconf 88' lang='lat' dir='ltr'>hospitibus</span> <span class='ocrx_word' id='word_1_193' title='bbox 282 2108 420 2156; x_wconf 81' lang='lat' dir='ltr'>concubitu</span> <span class='ocrx_word' id='word_1_194' title='bbox 442 2114 559 2167; x_wconf 88' lang='lat' dir='ltr'>narrant,</span> <span class='ocrx_word' id='word_1_195' title='bbox 585 2107 616 2154; x_wconf 90' lang='lat' dir='ltr'>de</span> <span class='ocrx_word' id='word_1_196' title='bbox 638 2107 753 2169; x_wconf 86' lang='lat' dir='ltr'>Dysaule</span> <span class='ocrx_word' id='word_1_197' title='bbox 779 2106 864 2169; x_wconf 92' lang='lat' dir='ltr'>potius</span> <span class='ocrx_word' id='word_1_198' title='bbox 889 2121 965 2169; x_wconf 91' lang='lat' dir='ltr'>quam</span> <span class='ocrx_word' id='word_1_199' title='bbox 988 2107 1019 2155; x_wconf 93' lang='lat' dir='ltr'>de</span> <span class='ocrx_word' id='word_1_200' title='bbox 1042 2106 1134 2169; x_wconf 82' lang='lat' dir='ltr'>Celso,</span> <span class='ocrx_word' id='word_1_201' title='bbox 1164 2109 1230 2158; x_wconf 88' lang='lat' dir='ltr'>sicut</span> <span class='ocrx_word' id='word_1_202' title='bbox 1253 2108 1339 2158; x_wconf 87' lang='lat' dir='ltr'>Schol.</span> <span class='ocrx_word' id='word_1_203' title='bbox 1364 2109 1397 2158; x_wconf 89' lang='lat' dir='ltr'>ad</span> 
     </span>
     <span class='ocr_line' id='line_1_20' title="bbox 114 2191 1396 2260; baseline 0.002 -19"><span class='ocrx_word' id='word_1_204' title='bbox 114 2193 220 2241; x_wconf 89' lang='lat' dir='ltr'>Aristid.</span> <span class='ocrx_word' id='word_1_205' title='bbox 248 2208 273 2255; x_wconf 90' lang='lat' dir='ltr'>p.</span> <span class='ocrx_word' id='word_1_206' title='bbox 299 2198 331 2240; x_wconf 81' lang='lat'>22</span> <span class='ocrx_word' id='word_1_207' title='bbox 359 2192 424 2252; x_wconf 85' lang='lat' dir='ltr'>vult,</span> <span class='ocrx_word' id='word_1_208' title='bbox 452 2191 618 2254; x_wconf 87' lang='lat' dir='ltr'>intelligenda</span> <span class='ocrx_word' id='word_1_209' title='bbox 644 2192 769 2240; x_wconf 85' lang='lat' dir='ltr'>videntur.</span> <span class='ocrx_word' id='word_1_210' title='bbox 805 2191 863 2254; x_wconf 87' lang='lat' dir='ltr'>Ipse</span> <span class='ocrx_word' id='word_1_211' title='bbox 889 2191 1075 2241; x_wconf 89' lang='lat' dir='ltr'>Lobeckius</span> <span class='ocrx_word' id='word_1_212' title='bbox 1103 2194 1176 2259; x_wconf 62' lang='lat' dir='ltr'>(Agl.</span> <span class='ocrx_word' id='word_1_213' title='bbox 1196 2213 1226 2260; x_wconf 81' lang='lat' dir='ltr'>p.</span> <span class='ocrx_word' id='word_1_214' title='bbox 1245 2200 1294 2243; x_wconf 80' lang='lat'>825</span> <span class='ocrx_word' id='word_1_215' title='bbox 1314 2197 1348 2244; x_wconf 85' lang='lat' dir='ltr'>N.</span> <span class='ocrx_word' id='word_1_216' title='bbox 1367 2195 1396 2258; x_wconf 83' lang='grc' dir='ltr'>Ια)</span> 
     </span>
     <span class='ocr_line' id='line_1_21' title="bbox 116 2276 644 2342; baseline -0.004 -15"><span class='ocrx_word' id='word_1_217' title='bbox 116 2277 216 2328; x_wconf 86' lang='lat' dir='ltr'>Cereris</span> <span class='ocrx_word' id='word_1_218' title='bbox 236 2289 261 2328; x_wconf 89' lang='lat' dir='ltr'>et</span> <span class='ocrx_word' id='word_1_219' title='bbox 278 2279 399 2342; x_wconf 86' lang='lat' dir='ltr'>Dysaulis</span> <span class='ocrx_word' id='word_1_220' title='bbox 418 2277 498 2327; x_wconf 91' lang='lat' dir='ltr'>filium</span> <span class='ocrx_word' id='word_1_221' title='bbox 518 2276 644 2340; x_wconf 85' lang='lat' dir='ltr'>agnoscit.</span> 
     </span>
    </p>

    <p class='ocr_par' dir='ltr' id='par_1_6' title="bbox 115 2360 1402 4479">
     <span class='ocr_line' id='line_1_22' title="bbox 183 2360 1397 2428; baseline 0.002 -15"><span class='ocrx_word' id='word_1_222' title='bbox 183 2360 288 2414; x_wconf 62' lang='grc' dir='ltr'>2θύσιιι.</span> <span class='ocrx_word' id='word_1_223' title='bbox 312 2365 389 2413; x_wconf 76' lang='lat' dir='ltr'>Ales.</span> <span class='ocrx_word' id='word_1_224' title='bbox 410 2365 429 2414; x_wconf 88' lang='lat' dir='ltr'>l.</span> <span class='ocrx_word' id='word_1_225' title='bbox 449 2382 471 2413; x_wconf 85' lang='grc' dir='ltr'>α.</span> <span class='ocrx_word' id='word_1_226' title='bbox 497 2370 522 2412; x_wconf 88' lang='lat' dir='ltr'>et</span> <span class='ocrx_word' id='word_1_227' title='bbox 545 2364 639 2412; x_wconf 72' lang='lat' dir='ltr'>Erret.</span> <span class='ocrx_word' id='word_1_228' title='bbox 662 2364 758 2426; x_wconf 78' lang='lat' dir='ltr'>Proep.</span> <span class='ocrx_word' id='word_1_229' title='bbox 782 2363 833 2412; x_wconf 81' lang='lat' dir='ltr'>Ee.</span> <span class='ocrx_word' id='word_1_230' title='bbox 854 2363 894 2422; x_wconf 95' lang='grc' dir='ltr'>ΙΙ,</span> <span class='ocrx_word' id='word_1_231' title='bbox 913 2367 937 2410; x_wconf 83' lang='grc'>3.</span> <span class='ocrx_word' id='word_1_232' title='bbox 958 2367 990 2410; x_wconf 83' lang='grc'>34</span> <span class='ocrx_word' id='word_1_233' title='bbox 1015 2364 1168 2414; x_wconf 90' lang='lat' dir='ltr'>unanimiter</span> <span class='ocrx_word' id='word_1_234' title='bbox 1193 2363 1289 2428; x_wconf 89' lang='lat' dir='ltr'>Orphei</span> <span class='ocrx_word' id='word_1_235' title='bbox 1309 2381 1397 2415; x_wconf 81' lang='lat' dir='ltr'>versus</span> 
     </span>
     <span class='ocr_line' id='line_1_23' title="bbox 118 2442 1398 2518; baseline 0.003 -21"><span class='ocrx_word' id='word_1_236' title='bbox 118 2449 156 2497; x_wconf 83' lang='lat' dir='ltr'>ita</span> <span class='ocrx_word' id='word_1_237' title='bbox 178 2450 292 2498; x_wconf 71' lang='lat' dir='ltr'>uadunt:</span> <span class='ocrx_word' id='word_1_238' title='bbox 317 2453 377 2504; x_wconf 88' lang='grc' dir='ltr'>παῖς</span> <span class='ocrx_word' id='word_1_239' title='bbox 396 2444 415 2498; x_wconf 81' lang='grc' dir='ltr'>δ’</span> <span class='ocrx_word' id='word_1_240' title='bbox 434 2448 481 2518; x_wconf 76' lang='grc' dir='ltr'>ἦεν</span> <span class='ocrx_word' id='word_1_241' title='bbox 497 2442 606 2518; x_wconf 79' lang='grc' dir='ltr'>Ἴακχος</span> <span class='ocrx_word' id='word_1_242' title='bbox 629 2442 701 2517; x_wconf 81' lang='grc' dir='ltr'>Χειρὶ</span> <span class='ocrx_word' id='word_1_243' title='bbox 723 2445 753 2496; x_wconf 83' lang='grc' dir='ltr'>τέ</span> <span class='ocrx_word' id='word_1_244' title='bbox 776 2461 817 2513; x_wconf 83' lang='grc' dir='ltr'>μιν</span> <span class='ocrx_word' id='word_1_245' title='bbox 836 2442 957 2515; x_wconf 76' lang='grc' dir='ltr'>ῥίπτασκε</span> <span class='ocrx_word' id='word_1_246' title='bbox 980 2446 1063 2516; x_wconf 71' lang='grc' dir='ltr'>γελῶν</span> <span class='ocrx_word' id='word_1_247' title='bbox 1080 2444 1199 2518; x_wconf 83' lang='grc' dir='ltr'>Βαυβοῡς</span> <span class='ocrx_word' id='word_1_248' title='bbox 1221 2447 1269 2501; x_wconf 79' lang='grc' dir='ltr'>ὑπὸ</span> <span class='ocrx_word' id='word_1_249' title='bbox 1286 2448 1398 2507; x_wconf 84' lang='grc' dir='ltr'>κόλποις.</span> 
     </span>
     <span class='ocr_line' id='line_1_24' title="bbox 116 2532 1399 2598; baseline 0.002 -16"><span class='ocrx_word' id='word_1_250' title='bbox 116 2533 228 2583; x_wconf 87' lang='lat' dir='ltr'>Lacteus</span> <span class='ocrx_word' id='word_1_251' title='bbox 251 2535 327 2597; x_wconf 89' lang='lat' dir='ltr'>igitur</span> <span class='ocrx_word' id='word_1_252' title='bbox 349 2535 434 2583; x_wconf 87' lang='lat' dir='ltr'>infans</span> <span class='ocrx_word' id='word_1_253' title='bbox 459 2535 510 2598; x_wconf 87' lang='lat' dir='ltr'>(vel</span> <span class='ocrx_word' id='word_1_254' title='bbox 534 2548 606 2597; x_wconf 89' lang='lat' dir='ltr'>puer,</span> <span class='ocrx_word' id='word_1_255' title='bbox 631 2547 691 2581; x_wconf 87' lang='lat' dir='ltr'>nam</span> <span class='ocrx_word' id='word_1_256' title='bbox 714 2533 841 2580; x_wconf 87' lang='lat' dir='ltr'>interdum</span> <span class='ocrx_word' id='word_1_257' title='bbox 858 2532 977 2581; x_wconf 91' lang='lat' dir='ltr'>mulieres</span> <span class='ocrx_word' id='word_1_258' title='bbox 1002 2542 1115 2596; x_wconf 84' lang='lat' dir='ltr'>agrestes</span> <span class='ocrx_word' id='word_1_259' title='bbox 1133 2535 1242 2598; x_wconf 92' lang='lat' dir='ltr'>amplius</span> <span class='ocrx_word' id='word_1_260' title='bbox 1260 2535 1399 2584; x_wconf 90' lang='lat' dir='ltr'>triennium</span> 
     </span>
     <span class='ocr_line' id='line_1_25' title="bbox 116 2617 1397 2686; baseline 0.004 -19"><span class='ocrx_word' id='word_1_261' title='bbox 116 2621 211 2668; x_wconf 88' lang='lat' dir='ltr'>liberos</span> <span class='ocrx_word' id='word_1_262' title='bbox 233 2620 355 2668; x_wconf 89' lang='lat' dir='ltr'>uberibus</span> <span class='ocrx_word' id='word_1_263' title='bbox 379 2620 461 2683; x_wconf 90' lang='lat' dir='ltr'>alunt)</span> <span class='ocrx_word' id='word_1_264' title='bbox 487 2620 523 2668; x_wconf 93' lang='lat' dir='ltr'>ibi</span> <span class='ocrx_word' id='word_1_265' title='bbox 545 2617 659 2669; x_wconf 84' lang='lat' dir='ltr'>Jacchus</span> <span class='ocrx_word' id='word_1_266' title='bbox 684 2617 776 2665; x_wconf 89' lang='lat' dir='ltr'>dicitur</span> <span class='ocrx_word' id='word_1_267' title='bbox 800 2617 844 2679; x_wconf 88' lang='lat' dir='ltr'>(cf.</span> <span class='ocrx_word' id='word_1_268' title='bbox 869 2632 935 2680; x_wconf 88' lang='lat' dir='ltr'>quae</span> <span class='ocrx_word' id='word_1_269' title='bbox 958 2618 1147 2670; x_wconf 87' lang='lat' dir='ltr'>Lobeckius</span> <span class='ocrx_word' id='word_1_270' title='bbox 1170 2623 1231 2685; x_wconf 67' lang='lat' dir='ltr'>Agl.</span> <span class='ocrx_word' id='word_1_271' title='bbox 1246 2641 1276 2686; x_wconf 80' lang='lat' dir='ltr'>p.</span> <span class='ocrx_word' id='word_1_272' title='bbox 1297 2624 1397 2686; x_wconf 79' lang='lat' dir='ltr'>822sq.</span> 
     </span>
     <span class='ocr_line' id='line_1_26' title="bbox 118 2700 1399 2773; baseline 0.001 -20"><span class='ocrx_word' id='word_1_273' title='bbox 118 2705 148 2753; x_wconf 90' lang='lat' dir='ltr'>de</span> <span class='ocrx_word' id='word_1_274' title='bbox 161 2704 260 2753; x_wconf 85' lang='lat' dir='ltr'>Jaccho</span> <span class='ocrx_word' id='word_1_275' title='bbox 279 2700 426 2773; x_wconf 79' lang='grc' dir='ltr'>ὑποκολπίηι</span> <span class='ocrx_word' id='word_1_276' title='bbox 445 2703 538 2768; x_wconf 87' lang='lat' dir='ltr'>affert),</span> <span class='ocrx_word' id='word_1_277' title='bbox 559 2719 611 2753; x_wconf 92' lang='lat' dir='ltr'>non</span> <span class='ocrx_word' id='word_1_278' title='bbox 627 2703 767 2766; x_wconf 87' lang='lat' dir='ltr'>Dionysus.</span> <span class='ocrx_word' id='word_1_279' title='bbox 803 2701 857 2751; x_wconf 88' lang='lat' dir='ltr'>Nec</span> <span class='ocrx_word' id='word_1_280' title='bbox 876 2703 973 2766; x_wconf 91' lang='lat' dir='ltr'>dubito,</span> <span class='ocrx_word' id='word_1_281' title='bbox 994 2705 1054 2767; x_wconf 91' lang='lat' dir='ltr'>quin</span> <span class='ocrx_word' id='word_1_282' title='bbox 1073 2707 1095 2754; x_wconf 94' lang='lat' dir='ltr'>is</span> <span class='ocrx_word' id='word_1_283' title='bbox 1113 2721 1187 2755; x_wconf 88' lang='lat' dir='ltr'>verus</span> <span class='ocrx_word' id='word_1_284' title='bbox 1204 2706 1281 2768; x_wconf 86' lang='lat' dir='ltr'>hujus</span> <span class='ocrx_word' id='word_1_285' title='bbox 1299 2707 1399 2770; x_wconf 87' lang='lat' dir='ltr'>mystici</span> 
     </span>
     <span class='ocr_line' id='line_1_27' title="bbox 117 2788 1399 2852; baseline 0.002 -14"><span class='ocrx_word' id='word_1_286' title='bbox 117 2791 248 2839; x_wconf 86' lang='lat' dir='ltr'>daemonis</span> <span class='ocrx_word' id='word_1_287' title='bbox 275 2805 365 2839; x_wconf 89' lang='lat' dir='ltr'>seusus</span> <span class='ocrx_word' id='word_1_288' title='bbox 392 2790 476 2838; x_wconf 86' lang='lat' dir='ltr'>fuerit.</span> <span class='ocrx_word' id='word_1_289' title='bbox 513 2790 543 2838; x_wconf 91' lang='lat' dir='ltr'>In</span> <span class='ocrx_word' id='word_1_290' title='bbox 570 2789 755 2852; x_wconf 89' lang='lat' dir='ltr'>antiquissimis</span> <span class='ocrx_word' id='word_1_291' title='bbox 783 2788 851 2836; x_wconf 89' lang='lat' dir='ltr'>enim</span> <span class='ocrx_word' id='word_1_292' title='bbox 878 2789 909 2837; x_wconf 90' lang='lat' dir='ltr'>de</span> <span class='ocrx_word' id='word_1_293' title='bbox 934 2788 1072 2839; x_wconf 81' lang='lat' dir='ltr'>Eleusiniis</span> <span class='ocrx_word' id='word_1_294' title='bbox 1100 2791 1251 2840; x_wconf 85' lang='lat' dir='ltr'>testimoniis</span> <span class='ocrx_word' id='word_1_295' title='bbox 1278 2792 1349 2839; x_wconf 91' lang='lat' dir='ltr'>nulla</span> <span class='ocrx_word' id='word_1_296' title='bbox 1371 2792 1399 2840; x_wconf 90' lang='lat' dir='ltr'>fit</span> 
     </span>
     <span class='ocr_line' id='line_1_28' title="bbox 115 2873 1400 2938; baseline 0.001 -15"><span class='ocrx_word' id='word_1_297' title='bbox 115 2876 225 2938; x_wconf 86' lang='lat' dir='ltr'>Dionysi</span> <span class='ocrx_word' id='word_1_298' title='bbox 243 2876 348 2923; x_wconf 90' lang='lat' dir='ltr'>mentio.</span> <span class='ocrx_word' id='word_1_299' title='bbox 387 2873 509 2934; x_wconf 85' lang='lat' dir='ltr'>Quamvis</span> <span class='ocrx_word' id='word_1_300' title='bbox 528 2876 597 2924; x_wconf 92' lang='lat' dir='ltr'>enim</span> <span class='ocrx_word' id='word_1_301' title='bbox 615 2875 643 2922; x_wconf 91' lang='lat' dir='ltr'>in</span> <span class='ocrx_word' id='word_1_302' title='bbox 660 2874 762 2937; x_wconf 90' lang='lat' dir='ltr'>Hymuo</span> <span class='ocrx_word' id='word_1_303' title='bbox 781 2876 857 2924; x_wconf 85' lang='lat' dir='ltr'>Hom.</span> <span class='ocrx_word' id='word_1_304' title='bbox 877 2876 904 2923; x_wconf 88' lang='grc' dir='ltr'>ιά</span> <span class='ocrx_word' id='word_1_305' title='bbox 918 2875 974 2925; x_wconf 83' lang='lat' dir='ltr'>Oer.</span> <span class='ocrx_word' id='word_1_306' title='bbox 991 2893 1015 2926; x_wconf 86' lang='grc' dir='ltr'>ο.</span> <span class='ocrx_word' id='word_1_307' title='bbox 1030 2881 1079 2924; x_wconf 88' lang='grc'>386</span> <span class='ocrx_word' id='word_1_308' title='bbox 1098 2877 1229 2925; x_wconf 87' lang='lat' dir='ltr'>maeuadis</span> <span class='ocrx_word' id='word_1_309' title='bbox 1247 2877 1400 2926; x_wconf 89' lang='lat' dir='ltr'>vocabulum</span> 
     </span>
     <span class='ocr_line' id='line_1_29' title="bbox 117 2957 1399 3031; baseline 0 -21"><span class='ocrx_word' id='word_1_310' title='bbox 117 2969 242 3021; x_wconf 86' lang='lat' dir='ltr'>occurrat,</span> <span class='ocrx_word' id='word_1_311' title='bbox 261 2968 352 3010; x_wconf 86' lang='lat' dir='ltr'>&#39;tamen</span> <span class='ocrx_word' id='word_1_312' title='bbox 375 2961 434 3009; x_wconf 91' lang='lat' dir='ltr'>inde</span> <span class='ocrx_word' id='word_1_313' title='bbox 458 2976 511 3010; x_wconf 90' lang='lat' dir='ltr'>uon</span> <span class='ocrx_word' id='word_1_314' title='bbox 535 2961 752 3024; x_wconf 85' lang='lat' dir='ltr'>concludendum,</span> <span class='ocrx_word' id='word_1_315' title='bbox 771 2960 816 3008; x_wconf 88' lang='lat' dir='ltr'>illa</span> <span class='ocrx_word' id='word_1_316' title='bbox 834 2957 918 3031; x_wconf 72' lang='grc' dir='ltr'>ύρηια,</span> <span class='ocrx_word' id='word_1_317' title='bbox 943 2975 1008 3023; x_wconf 88' lang='lat' dir='ltr'>quae</span> <span class='ocrx_word' id='word_1_318' title='bbox 1027 2959 1106 3010; x_wconf 85' lang='lat' dir='ltr'>Ceres</span> <span class='ocrx_word' id='word_1_319' title='bbox 1125 2962 1266 3011; x_wconf 85' lang='lat' dir='ltr'>condiderit</span> <span class='ocrx_word' id='word_1_320' title='bbox 1285 2961 1319 3027; x_wconf 86' lang='grc' dir='ltr'>(ο.</span> <span class='ocrx_word' id='word_1_321' title='bbox 1340 2967 1399 3021; x_wconf 80' lang='lat'>273,</span> 
     </span>
     <span class='ocr_line' id='line_1_30' title="bbox 117 3041 1397 3117; baseline 0.003 -23"><span class='ocrx_word' id='word_1_322' title='bbox 117 3048 190 3110; x_wconf 84' lang='grc'>476),</span> <span class='ocrx_word' id='word_1_323' title='bbox 210 3061 283 3094; x_wconf 89' lang='lat' dir='ltr'>sacra</span> <span class='ocrx_word' id='word_1_324' title='bbox 301 3061 357 3095; x_wconf 88' lang='lat' dir='ltr'>esse</span> <span class='ocrx_word' id='word_1_325' title='bbox 369 3045 506 3107; x_wconf 87' lang='lat' dir='ltr'>Bacchica,</span> <span class='ocrx_word' id='word_1_326' title='bbox 526 3061 585 3095; x_wconf 91' lang='lat' dir='ltr'>cum</span> <span class='ocrx_word' id='word_1_327' title='bbox 596 3047 682 3111; x_wconf 91' lang='lat' dir='ltr'>potius</span> <span class='ocrx_word' id='word_1_328' title='bbox 694 3046 876 3109; x_wconf 86' lang='lat' dir='ltr'>Aristophanis</span> <span class='ocrx_word' id='word_1_329' title='bbox 895 3047 945 3094; x_wconf 91' lang='lat' dir='ltr'>siut</span> <span class='ocrx_word' id='word_1_330' title='bbox 964 3041 1036 3117; x_wconf 73' lang='grc' dir='ltr'>ὄργια</span> <span class='ocrx_word' id='word_1_331' title='bbox 1053 3045 1133 3114; x_wconf 84' lang='grc' dir='ltr'>σεμνὰ</span> <span class='ocrx_word' id='word_1_332' title='bbox 1151 3044 1226 3099; x_wconf 76' lang='grc' dir='ltr'>θεαῖν</span> <span class='ocrx_word' id='word_1_333' title='bbox 1238 3048 1397 3113; x_wconf 69' lang='lat' dir='ltr'>(Theanoph.</span> 
     </span>
     <span class='ocr_line' id='line_1_31' title="bbox 117 3131 1399 3197; baseline 0.001 -16"><span class='ocrx_word' id='word_1_334' title='bbox 117 3149 141 3183; x_wconf 87' lang='grc' dir='ltr'>α.</span> <span class='ocrx_word' id='word_1_335' title='bbox 163 3137 221 3192; x_wconf 86' lang='grc'>948,</span> <span class='ocrx_word' id='word_1_336' title='bbox 240 3132 273 3181; x_wconf 85' lang='lat' dir='ltr'>cf.</span> <span class='ocrx_word' id='word_1_337' title='bbox 293 3133 392 3181; x_wconf 80' lang='lat' dir='ltr'>Herod.</span> <span class='ocrx_word' id='word_1_338' title='bbox 411 3133 452 3191; x_wconf 92' lang='grc' dir='ltr'>ΙΙ,</span> <span class='ocrx_word' id='word_1_339' title='bbox 471 3137 516 3194; x_wconf 89' lang='grc'>51;</span> <span class='ocrx_word' id='word_1_340' title='bbox 540 3133 570 3192; x_wconf 86' lang='lat' dir='ltr'>V,</span> <span class='ocrx_word' id='word_1_341' title='bbox 590 3131 643 3195; x_wconf 85' lang='lat'>61).</span> <span class='ocrx_word' id='word_1_342' title='bbox 679 3131 805 3181; x_wconf 87' lang='lat' dir='ltr'>Jacchum</span> <span class='ocrx_word' id='word_1_343' title='bbox 824 3132 933 3180; x_wconf 90' lang='lat' dir='ltr'>eundem</span> <span class='ocrx_word' id='word_1_344' title='bbox 955 3139 1058 3196; x_wconf 84' lang='lat' dir='ltr'>poetam</span> <span class='ocrx_word' id='word_1_345' title='bbox 1076 3149 1092 3181; x_wconf 92' lang='lat' dir='ltr'>a</span> <span class='ocrx_word' id='word_1_346' title='bbox 1110 3133 1224 3197; x_wconf 85' lang='lat' dir='ltr'>Dionyso</span> <span class='ocrx_word' id='word_1_347' title='bbox 1243 3133 1399 3196; x_wconf 87' lang='lat' dir='ltr'>distinguere</span> 
     </span>
     <span class='ocr_line' id='line_1_32' title="bbox 119 3216 1398 3284; baseline 0.002 -17"><span class='ocrx_word' id='word_1_348' title='bbox 119 3218 198 3282; x_wconf 80' lang='lat' dir='ltr'>(Ean.</span> <span class='ocrx_word' id='word_1_349' title='bbox 222 3235 246 3267; x_wconf 88' lang='grc' dir='ltr'>ο.</span> <span class='ocrx_word' id='word_1_350' title='bbox 266 3223 315 3266; x_wconf 85' lang='grc'>316</span> <span class='ocrx_word' id='word_1_351' title='bbox 334 3217 400 3283; x_wconf 63' lang='grc' dir='ltr'>αα),</span> <span class='ocrx_word' id='word_1_352' title='bbox 432 3218 574 3267; x_wconf 88' lang='lat' dir='ltr'>rectissime</span> <span class='ocrx_word' id='word_1_353' title='bbox 600 3217 788 3266; x_wconf 81' lang='lat' dir='ltr'>Lobeclrius</span> <span class='ocrx_word' id='word_1_354' title='bbox 815 3218 915 3266; x_wconf 85' lang='lat' dir='ltr'>ridetur</span> <span class='ocrx_word' id='word_1_355' title='bbox 941 3216 1089 3267; x_wconf 89' lang='lat' dir='ltr'>observasse</span> <span class='ocrx_word' id='word_1_356' title='bbox 1115 3219 1178 3283; x_wconf 63' lang='lat' dir='ltr'>Api.</span> <span class='ocrx_word' id='word_1_357' title='bbox 1198 3236 1228 3284; x_wconf 83' lang='lat' dir='ltr'>p.</span> <span class='ocrx_word' id='word_1_358' title='bbox 1249 3223 1295 3267; x_wconf 79' lang='lat'>821</span> <span class='ocrx_word' id='word_1_359' title='bbox 1321 3220 1355 3269; x_wconf 87' lang='lat' dir='ltr'>N.</span> <span class='ocrx_word' id='word_1_360' title='bbox 1375 3235 1398 3269; x_wconf 86' lang='lat' dir='ltr'>e.</span> 
     </span>
     <span class='ocr_line' id='line_1_33' title="bbox 118 3300 1399 3367; baseline 0.001 -16"><span class='ocrx_word' id='word_1_361' title='bbox 118 3304 208 3366; x_wconf 87' lang='lat' dir='ltr'>Neque</span> <span class='ocrx_word' id='word_1_362' title='bbox 225 3303 355 3367; x_wconf 87' lang='lat' dir='ltr'>Pamphus</span> <span class='ocrx_word' id='word_1_363' title='bbox 373 3303 466 3352; x_wconf 72' lang='lat' dir='ltr'>iacchi</span> <span class='ocrx_word' id='word_1_364' title='bbox 483 3303 633 3366; x_wconf 88' lang='lat' dir='ltr'>Dionysiaci</span> <span class='ocrx_word' id='word_1_365' title='bbox 650 3300 809 3352; x_wconf 84' lang='lat' dir='ltr'>mentionem</span> <span class='ocrx_word' id='word_1_366' title='bbox 826 3303 887 3352; x_wconf 84' lang='lat' dir='ltr'>fecit</span> <span class='ocrx_word' id='word_1_367' title='bbox 906 3303 1077 3367; x_wconf 88' lang='lat' dir='ltr'>(Welcker‚</span> <span class='ocrx_word' id='word_1_368' title='bbox 1105 3306 1207 3353; x_wconf 76' lang='lat' dir='ltr'>Griecl.</span> <span class='ocrx_word' id='word_1_369' title='bbox 1231 3305 1399 3362; x_wconf 74' lang='lat' dir='ltr'>Gdtterlelrre,</span> 
     </span>
     <span class='ocr_line' id='line_1_34' title="bbox 119 3386 1397 3451; baseline 0 -15"><span class='ocrx_word' id='word_1_370' title='bbox 119 3389 159 3447; x_wconf 90' lang='grc' dir='ltr'>ΙΙ,</span> <span class='ocrx_word' id='word_1_371' title='bbox 173 3389 234 3451; x_wconf 88' lang='grc'>550)</span> <span class='ocrx_word' id='word_1_372' title='bbox 252 3396 277 3437; x_wconf 90' lang='lat' dir='ltr'>et</span> <span class='ocrx_word' id='word_1_373' title='bbox 291 3389 425 3437; x_wconf 88' lang='lat' dir='ltr'>Musaeum</span> <span class='ocrx_word' id='word_1_374' title='bbox 444 3389 531 3451; x_wconf 89' lang='lat' dir='ltr'>aliqua</span> <span class='ocrx_word' id='word_1_375' title='bbox 549 3390 579 3437; x_wconf 87' lang='lat' dir='ltr'>de</span> <span class='ocrx_word' id='word_1_376' title='bbox 598 3387 695 3437; x_wconf 86' lang='lat' dir='ltr'>Bacchi</span> <span class='ocrx_word' id='word_1_377' title='bbox 713 3389 819 3451; x_wconf 88' lang='lat' dir='ltr'>mystico</span> <span class='ocrx_word' id='word_1_378' title='bbox 838 3388 907 3436; x_wconf 91' lang='lat' dir='ltr'>cultu</span> <span class='ocrx_word' id='word_1_379' title='bbox 926 3388 1021 3437; x_wconf 83' lang='lat' dir='ltr'>dixisse</span> <span class='ocrx_word' id='word_1_380' title='bbox 1039 3389 1094 3436; x_wconf 89' lang='lat' dir='ltr'>inre</span> <span class='ocrx_word' id='word_1_381' title='bbox 1113 3394 1189 3451; x_wconf 88' lang='lat' dir='ltr'>negat</span> <span class='ocrx_word' id='word_1_382' title='bbox 1207 3386 1397 3449; x_wconf 87' lang='lat' dir='ltr'>Gerhardus,</span> 
     </span>
     <span class='ocr_line' id='line_1_35' title="bbox 122 3471 1400 3538; baseline -0.001 -16"><span class='ocrx_word' id='word_1_383' title='bbox 122 3475 201 3538; x_wconf 79' lang='lat' dir='ltr'>Orpl.</span> <span class='ocrx_word' id='word_1_384' title='bbox 217 3492 247 3538; x_wconf 80' lang='lat' dir='ltr'>p.</span> <span class='ocrx_word' id='word_1_385' title='bbox 268 3478 298 3521; x_wconf 86' lang='grc'>59</span> <span class='ocrx_word' id='word_1_386' title='bbox 318 3473 352 3524; x_wconf 83' lang='lat' dir='ltr'>N.</span> <span class='ocrx_word' id='word_1_387' title='bbox 368 3479 408 3523; x_wconf 84' lang='lat'>78.</span> <span class='ocrx_word' id='word_1_388' title='bbox 444 3472 544 3521; x_wconf 87' lang='lat' dir='ltr'>Primus</span> <span class='ocrx_word' id='word_1_389' title='bbox 564 3471 706 3536; x_wconf 86' lang='lat' dir='ltr'>Sophocles</span> <span class='ocrx_word' id='word_1_390' title='bbox 725 3472 827 3538; x_wconf 67' lang='lat' dir='ltr'>(Antip.</span> <span class='ocrx_word' id='word_1_391' title='bbox 846 3490 870 3522; x_wconf 84' lang='lat' dir='ltr'>v.</span> <span class='ocrx_word' id='word_1_392' title='bbox 893 3472 969 3537; x_wconf 76' lang='lat' dir='ltr'>liro)</span> <span class='ocrx_word' id='word_1_393' title='bbox 988 3472 1056 3520; x_wconf 92' lang='lat' dir='ltr'>hunc</span> <span class='ocrx_word' id='word_1_394' title='bbox 1075 3473 1149 3522; x_wconf 89' lang='lat' dir='ltr'>deum</span> <span class='ocrx_word' id='word_1_395' title='bbox 1168 3472 1324 3534; x_wconf 89' lang='lat' dir='ltr'>conjunctim</span> <span class='ocrx_word' id='word_1_396' title='bbox 1342 3487 1400 3521; x_wconf 93' lang='lat' dir='ltr'>cum</span> 
     </span>
     <span class='ocr_line' id='line_1_36' title="bbox 121 3557 1401 3622; baseline -0.001 -15"><span class='ocrx_word' id='word_1_397' title='bbox 121 3557 214 3608; x_wconf 86' lang='lat' dir='ltr'>Cerere</span> <span class='ocrx_word' id='word_1_398' title='bbox 226 3559 253 3606; x_wconf 93' lang='lat' dir='ltr'>in</span> <span class='ocrx_word' id='word_1_399' title='bbox 264 3559 404 3607; x_wconf 88' lang='lat' dir='ltr'>Eleusiniis</span> <span class='ocrx_word' id='word_1_400' title='bbox 421 3559 550 3622; x_wconf 88' lang='lat' dir='ltr'>mysteriis</span> <span class='ocrx_word' id='word_1_401' title='bbox 569 3559 665 3607; x_wconf 88' lang='lat' dir='ltr'>cultum</span> <span class='ocrx_word' id='word_1_402' title='bbox 682 3559 762 3607; x_wconf 90' lang='lat' dir='ltr'>fuisse</span> <span class='ocrx_word' id='word_1_403' title='bbox 780 3558 915 3621; x_wconf 83' lang='lat' dir='ltr'>significat</span> <span class='ocrx_word' id='word_1_404' title='bbox 952 3557 1005 3607; x_wconf 86' lang='lat' dir='ltr'>Nec</span> <span class='ocrx_word' id='word_1_405' title='bbox 1023 3558 1124 3618; x_wconf 87' lang='lat' dir='ltr'>mirum,</span> <span class='ocrx_word' id='word_1_406' title='bbox 1144 3559 1166 3607; x_wconf 90' lang='lat' dir='ltr'>si</span> <span class='ocrx_word' id='word_1_407' title='bbox 1182 3558 1305 3620; x_wconf 84' lang='lat' dir='ltr'>Jacchus,</span> <span class='ocrx_word' id='word_1_408' title='bbox 1324 3573 1401 3621; x_wconf 90' lang='lat' dir='ltr'>quem</span> 
     </span>
     <span class='ocr_line' id='line_1_37' title="bbox 119 3641 1399 3710; baseline 0.002 -19"><span class='ocrx_word' id='word_1_409' title='bbox 119 3644 222 3707; x_wconf 86' lang='lat' dir='ltr'>proprie</span> <span class='ocrx_word' id='word_1_410' title='bbox 240 3644 307 3692; x_wconf 90' lang='lat' dir='ltr'>sicut</span> <span class='ocrx_word' id='word_1_411' title='bbox 325 3644 517 3706; x_wconf 89' lang='lat' dir='ltr'>Triptolemum,</span> <span class='ocrx_word' id='word_1_412' title='bbox 536 3644 698 3703; x_wconf 84' lang='lat' dir='ltr'>Metaniram,</span> <span class='ocrx_word' id='word_1_413' title='bbox 719 3641 842 3707; x_wconf 88' lang='lat' dir='ltr'>Cecropis</span> <span class='ocrx_word' id='word_1_414' title='bbox 865 3650 916 3692; x_wconf 89' lang='lat' dir='ltr'>tres</span> <span class='ocrx_word' id='word_1_415' title='bbox 935 3643 999 3692; x_wconf 85' lang='lat' dir='ltr'>filias</span> <span class='ocrx_word' id='word_1_416' title='bbox 1023 3643 1069 3707; x_wconf 88' lang='lat' dir='ltr'>(cf.</span> <span class='ocrx_word' id='word_1_417' title='bbox 1088 3644 1226 3707; x_wconf 87' lang='lat' dir='ltr'>Preller,</span> <span class='ocrx_word' id='word_1_418' title='bbox 1249 3647 1296 3693; x_wconf 79' lang='lat' dir='ltr'>Gr.</span> <span class='ocrx_word' id='word_1_419' title='bbox 1316 3645 1399 3710; x_wconf 74' lang='lat' dir='ltr'>Myra.</span> 
     </span>
     <span class='ocr_line' id='line_1_38' title="bbox 120 3728 1401 3792; baseline 0.001 -16"><span class='ocrx_word' id='word_1_420' title='bbox 120 3731 144 3789; x_wconf 94' lang='grc' dir='ltr'>Ι,</span> <span class='ocrx_word' id='word_1_421' title='bbox 167 3729 224 3792; x_wconf 79' lang='grc'>459)</span> <span class='ocrx_word' id='word_1_422' title='bbox 244 3729 359 3792; x_wconf 90' lang='lat' dir='ltr'>aliosque</span> <span class='ocrx_word' id='word_1_423' title='bbox 377 3728 508 3778; x_wconf 89' lang='lat' dir='ltr'>hominem</span> <span class='ocrx_word' id='word_1_424' title='bbox 525 3729 670 3777; x_wconf 86' lang='lat' dir='ltr'>fabulosum</span> <span class='ocrx_word' id='word_1_425' title='bbox 688 3728 767 3778; x_wconf 83' lang='lat' dir='ltr'>fuisse</span> <span class='ocrx_word' id='word_1_426' title='bbox 785 3736 810 3778; x_wconf 90' lang='lat' dir='ltr'>et</span> <span class='ocrx_word' id='word_1_427' title='bbox 827 3730 964 3792; x_wconf 87' lang='lat' dir='ltr'>postmodo</span> <span class='ocrx_word' id='word_1_428' title='bbox 988 3729 1074 3778; x_wconf 88' lang='lat' dir='ltr'>divino</span> <span class='ocrx_word' id='word_1_429' title='bbox 1092 3729 1189 3778; x_wconf 89' lang='lat' dir='ltr'>honore</span> <span class='ocrx_word' id='word_1_430' title='bbox 1207 3730 1311 3791; x_wconf 87' lang='lat' dir='ltr'>dignum</span> <span class='ocrx_word' id='word_1_431' title='bbox 1329 3729 1401 3777; x_wconf 89' lang='lat' dir='ltr'>habi·</span> 
     </span>
     <span class='ocr_line' id='line_1_39' title="bbox 120 3813 1401 3879; baseline 0 -15"><span class='ocrx_word' id='word_1_432' title='bbox 120 3823 174 3864; x_wconf 90' lang='lat' dir='ltr'>tum</span> <span class='ocrx_word' id='word_1_433' title='bbox 193 3830 254 3877; x_wconf 24' lang='lat' dir='ltr'>esse.</span> <span class='ocrx_word' id='word_1_434' title='bbox 268 3815 391 3879; x_wconf 88' lang='lat' dir='ltr'>suspicor,</span> <span class='ocrx_word' id='word_1_435' title='bbox 414 3816 441 3863; x_wconf 90' lang='lat' dir='ltr'>in</span> <span class='ocrx_word' id='word_1_436' title='bbox 459 3814 556 3864; x_wconf 90' lang='lat' dir='ltr'>Bacchi</span> <span class='ocrx_word' id='word_1_437' title='bbox 580 3815 681 3877; x_wconf 89' lang='lat' dir='ltr'>mystici</span> <span class='ocrx_word' id='word_1_438' title='bbox 699 3815 726 3863; x_wconf 90' lang='lat' dir='ltr'>h.</span> <span class='ocrx_word' id='word_1_439' title='bbox 746 3831 768 3864; x_wconf 94' lang='lat' dir='ltr'>e.</span> <span class='ocrx_word' id='word_1_440' title='bbox 787 3815 880 3878; x_wconf 90' lang='lat' dir='ltr'>Zagrei</span> <span class='ocrx_word' id='word_1_441' title='bbox 903 3829 997 3864; x_wconf 90' lang='lat' dir='ltr'>numen</span> <span class='ocrx_word' id='word_1_442' title='bbox 1021 3814 1091 3863; x_wconf 85' lang='lat' dir='ltr'>abiit.</span> <span class='ocrx_word' id='word_1_443' title='bbox 1127 3813 1193 3862; x_wconf 87' lang='lat' dir='ltr'>Nam</span> <span class='ocrx_word' id='word_1_444' title='bbox 1212 3830 1269 3863; x_wconf 86' lang='lat' dir='ltr'>cunr</span> <span class='ocrx_word' id='word_1_445' title='bbox 1288 3814 1401 3864; x_wconf 88' lang='lat' dir='ltr'>Onoma-</span> 
     </span>
     <span class='ocr_line' id='line_1_40' title="bbox 121 3898 1401 3970; baseline 0 -21"><span class='ocrx_word' id='word_1_446' title='bbox 121 3901 176 3949; x_wconf 93' lang='lat' dir='ltr'>criti</span> <span class='ocrx_word' id='word_1_447' title='bbox 201 3901 358 3964; x_wconf 89' lang='lat' dir='ltr'>temporibus</span> <span class='ocrx_word' id='word_1_448' title='bbox 384 3900 589 3964; x_wconf 89' lang='lat' dir='ltr'>percrebuissent</span> <span class='ocrx_word' id='word_1_449' title='bbox 611 3901 722 3964; x_wconf 87' lang='lat' dir='ltr'>Magnae</span> <span class='ocrx_word' id='word_1_450' title='bbox 745 3901 836 3949; x_wconf 88' lang='lat' dir='ltr'>Matris</span> <span class='ocrx_word' id='word_1_451' title='bbox 859 3915 945 3963; x_wconf 85' lang='lat' dir='ltr'>sacre,</span> <span class='ocrx_word' id='word_1_452' title='bbox 973 3901 1014 3948; x_wconf 89' lang='lat' dir='ltr'>cui</span> <span class='ocrx_word' id='word_1_453' title='bbox 1036 3898 1160 3970; x_wconf 83' lang='grc' dir='ltr'>πάρεδρος</span> <span class='ocrx_word' id='word_1_454' title='bbox 1184 3907 1238 3948; x_wconf 90' lang='lat' dir='ltr'>erat</span> <span class='ocrx_word' id='word_1_455' title='bbox 1260 3901 1401 3964; x_wconf 88' lang='lat' dir='ltr'>Dionysus,</span> 
     </span>
     <span class='ocr_line' id='line_1_41' title="bbox 121 3984 1401 4050; baseline -0.001 -15"><span class='ocrx_word' id='word_1_456' title='bbox 121 3995 224 4050; x_wconf 89' lang='lat' dir='ltr'>propter</span> <span class='ocrx_word' id='word_1_457' title='bbox 241 3988 309 4034; x_wconf 87' lang='lat' dir='ltr'>illius</span> <span class='ocrx_word' id='word_1_458' title='bbox 328 3993 353 4034; x_wconf 92' lang='lat' dir='ltr'>et</span> <span class='ocrx_word' id='word_1_459' title='bbox 371 3984 472 4034; x_wconf 84' lang='lat' dir='ltr'>Cereris</span> <span class='ocrx_word' id='word_1_460' title='bbox 491 3986 685 4035; x_wconf 87' lang='lat' dir='ltr'>similitudinem</span> <span class='ocrx_word' id='word_1_461' title='bbox 704 3987 781 4034; x_wconf 89' lang='lat' dir='ltr'>etiam</span> <span class='ocrx_word' id='word_1_462' title='bbox 798 3987 824 4034; x_wconf 93' lang='lat' dir='ltr'>iu</span> <span class='ocrx_word' id='word_1_463' title='bbox 844 3984 944 4034; x_wconf 88' lang='lat' dir='ltr'>Cereris</span> <span class='ocrx_word' id='word_1_464' title='bbox 963 3987 1085 4048; x_wconf 88' lang='lat' dir='ltr'>mysteria</span> <span class='ocrx_word' id='word_1_465' title='bbox 1108 3986 1183 4034; x_wconf 86' lang='lat' dir='ltr'>facilc</span> <span class='ocrx_word' id='word_1_466' title='bbox 1200 3985 1242 4033; x_wconf 92' lang='lat' dir='ltr'>hic</span> <span class='ocrx_word' id='word_1_467' title='bbox 1260 3987 1322 4034; x_wconf 88' lang='lat' dir='ltr'>deus</span> <span class='ocrx_word' id='word_1_468' title='bbox 1341 3987 1401 4034; x_wconf 87' lang='lat' dir='ltr'>irre·</span> 
     </span>
     <span class='ocr_line' id='line_1_42' title="bbox 121 4070 1401 4135; baseline 0 -16"><span class='ocrx_word' id='word_1_469' title='bbox 121 4086 181 4135; x_wconf 88' lang='lat' dir='ltr'>pere</span> <span class='ocrx_word' id='word_1_470' title='bbox 207 4072 298 4134; x_wconf 91' lang='lat' dir='ltr'>potuit.</span> <span class='ocrx_word' id='word_1_471' title='bbox 341 4073 405 4121; x_wconf 87' lang='lat' dir='ltr'>Tum</span> <span class='ocrx_word' id='word_1_472' title='bbox 431 4086 491 4120; x_wconf 89' lang='lat' dir='ltr'>vero</span> <span class='ocrx_word' id='word_1_473' title='bbox 517 4085 599 4135; x_wconf 86' lang='lat' dir='ltr'>paene</span> <span class='ocrx_word' id='word_1_474' title='bbox 626 4085 731 4119; x_wconf 90' lang='lat' dir='ltr'>necesse</span> <span class='ocrx_word' id='word_1_475' title='bbox 758 4070 814 4130; x_wconf 83' lang='lat' dir='ltr'>fuit,</span> <span class='ocrx_word' id='word_1_476' title='bbox 844 4077 871 4118; x_wconf 90' lang='lat' dir='ltr'>ut</span> <span class='ocrx_word' id='word_1_477' title='bbox 897 4070 923 4118; x_wconf 93' lang='lat' dir='ltr'>in</span> <span class='ocrx_word' id='word_1_478' title='bbox 950 4071 1035 4119; x_wconf 89' lang='lat' dir='ltr'>locum</span> <span class='ocrx_word' id='word_1_479' title='bbox 1060 4070 1160 4130; x_wconf 89' lang='lat' dir='ltr'>Jacchi,</span> <span class='ocrx_word' id='word_1_480' title='bbox 1187 4071 1279 4119; x_wconf 84' lang='lat' dir='ltr'>veteris</span> <span class='ocrx_word' id='word_1_481' title='bbox 1306 4071 1401 4119; x_wconf 83' lang='lat' dir='ltr'>alumni</span> 
     </span>
     <span class='ocr_line' id='line_1_43' title="bbox 123 4155 1402 4219; baseline -0.001 -13"><span class='ocrx_word' id='word_1_482' title='bbox 123 4155 233 4218; x_wconf 86' lang='lat' dir='ltr'>Cereris,</span> <span class='ocrx_word' id='word_1_483' title='bbox 252 4158 407 4207; x_wconf 85' lang='lat' dir='ltr'>succederet.</span> <span class='ocrx_word' id='word_1_484' title='bbox 445 4158 521 4217; x_wconf 83' lang='lat' dir='ltr'>Quod</span> <span class='ocrx_word' id='word_1_485' title='bbox 539 4157 561 4205; x_wconf 91' lang='lat' dir='ltr'>si</span> <span class='ocrx_word' id='word_1_486' title='bbox 580 4156 675 4205; x_wconf 85' lang='lat' dir='ltr'>factum</span> <span class='ocrx_word' id='word_1_487' title='bbox 694 4164 756 4216; x_wconf 87' lang='lat' dir='ltr'>erat,</span> <span class='ocrx_word' id='word_1_488' title='bbox 776 4157 851 4204; x_wconf 89' lang='lat' dir='ltr'>etiam</span> <span class='ocrx_word' id='word_1_489' title='bbox 869 4156 1011 4219; x_wconf 84' lang='lat' dir='ltr'>turpiculae</span> <span class='ocrx_word' id='word_1_490' title='bbox 1030 4156 1089 4204; x_wconf 94' lang='lat' dir='ltr'>illae</span> <span class='ocrx_word' id='word_1_491' title='bbox 1108 4155 1266 4204; x_wconf 86' lang='lat' dir='ltr'>narrationes</span> <span class='ocrx_word' id='word_1_492' title='bbox 1284 4156 1316 4204; x_wconf 90' lang='lat' dir='ltr'>de</span> <span class='ocrx_word' id='word_1_493' title='bbox 1334 4155 1402 4205; x_wconf 90' lang='lat' dir='ltr'>Bau·</span> 
     </span>
     <span class='ocr_line' id='line_1_44' title="bbox 122 4240 1401 4303; baseline -0.002 -12"><span class='ocrx_word' id='word_1_494' title='bbox 122 4242 169 4291; x_wconf 89' lang='lat' dir='ltr'>bus</span> <span class='ocrx_word' id='word_1_495' title='bbox 188 4250 213 4291; x_wconf 89' lang='lat' dir='ltr'>et</span> <span class='ocrx_word' id='word_1_496' title='bbox 229 4242 322 4292; x_wconf 81' lang='lat' dir='ltr'>Jacchi</span> <span class='ocrx_word' id='word_1_497' title='bbox 343 4243 460 4291; x_wconf 90' lang='lat' dir='ltr'>ludibriis</span> <span class='ocrx_word' id='word_1_498' title='bbox 484 4242 620 4292; x_wconf 86' lang='lat' dir='ltr'>mutandae</span> <span class='ocrx_word' id='word_1_499' title='bbox 643 4242 803 4290; x_wconf 87' lang='lat' dir='ltr'>ridebantur.</span> <span class='ocrx_word' id='word_1_500' title='bbox 840 4240 921 4303; x_wconf 84' lang='lat' dir='ltr'>Cujus</span> <span class='ocrx_word' id='word_1_501' title='bbox 944 4241 1093 4290; x_wconf 90' lang='lat' dir='ltr'>mutationis</span> <span class='ocrx_word' id='word_1_502' title='bbox 1117 4241 1263 4303; x_wconf 89' lang='lat' dir='ltr'>exemplum</span> <span class='ocrx_word' id='word_1_503' title='bbox 1284 4241 1312 4289; x_wconf 92' lang='lat' dir='ltr'>in</span> <span class='ocrx_word' id='word_1_504' title='bbox 1328 4247 1401 4288; x_wconf 86' lang='lat' dir='ltr'>textu</span> 
     </span>
     <span class='ocr_line' id='line_1_45' title="bbox 122 4326 1402 4392; baseline 0 -16"><span class='ocrx_word' id='word_1_505' title='bbox 122 4343 184 4376; x_wconf 83' lang='lat' dir='ltr'>mox</span> <span class='ocrx_word' id='word_1_506' title='bbox 202 4327 365 4391; x_wconf 87' lang='lat' dir='ltr'>appositurus</span> <span class='ocrx_word' id='word_1_507' title='bbox 384 4342 448 4376; x_wconf 88' lang='lat' dir='ltr'>sum.</span> <span class='ocrx_word' id='word_1_508' title='bbox 486 4327 552 4377; x_wconf 85' lang='lat' dir='ltr'>Hinc</span> <span class='ocrx_word' id='word_1_509' title='bbox 576 4329 654 4392; x_wconf 87' lang='lat' dir='ltr'>igitur</span> <span class='ocrx_word' id='word_1_510' title='bbox 672 4328 782 4376; x_wconf 80' lang='lat' dir='ltr'>Arnobii</span> <span class='ocrx_word' id='word_1_511' title='bbox 807 4328 995 4392; x_wconf 90' lang='lat' dir='ltr'>discrepantem</span> <span class='ocrx_word' id='word_1_512' title='bbox 1013 4343 1029 4376; x_wconf 87' lang='lat' dir='ltr'>a</span> <span class='ocrx_word' id='word_1_513' title='bbox 1046 4326 1208 4376; x_wconf 77' lang='lat' dir='ltr'>clementina</span> <span class='ocrx_word' id='word_1_514' title='bbox 1230 4328 1402 4377; x_wconf 88' lang='lat' dir='ltr'>narrationem</span> 
     </span>
     <span class='ocr_line' id='line_1_46' title="bbox 124 4414 569 4479; baseline 0.002 -16"><span class='ocrx_word' id='word_1_515' title='bbox 124 4422 206 4463; x_wconf 90' lang='lat' dir='ltr'>ortam</span> <span class='ocrx_word' id='word_1_516' title='bbox 223 4422 285 4477; x_wconf 91' lang='lat' dir='ltr'>puto</span> <span class='ocrx_word' id='word_1_517' title='bbox 305 4414 378 4479; x_wconf 66' lang='lat' dir='ltr'>(Agl.</span> <span class='ocrx_word' id='word_1_518' title='bbox 393 4432 423 4479; x_wconf 77' lang='lat' dir='ltr'>p.</span> <span class='ocrx_word' id='word_1_519' title='bbox 444 4414 569 4479; x_wconf 63' lang='lat' dir='ltr'>worp).</span> 
     </span>
    </p>

    <p class='ocr_par' dir='ltr' id='par_1_7' title="bbox 1086 4491 1100 4533">
     <span class='ocr_line' id='line_1_47' title="bbox 1086 4491 1100 4533; baseline 0 0"><span class='ocrx_word' id='word_1_520' title='bbox 1086 4491 1100 4533; x_wconf 82' lang='lat' dir='ltr'><em>l</em></span> 
     </span>
    </p>
   </div>
   <div class='ocr_carea' id='block_1_6' title="bbox 0 0 1536 4988">
    <p class='ocr_par' dir='ltr' id='par_1_8' title="bbox 0 0 1536 4988">
     <span class='ocr_line' id='line_1_48' title="bbox 0 0 1536 4988; baseline 0 0"><span class='ocrx_word' id='word_1_521' title='bbox 0 0 1536 4988; x_wconf 95' lang='lat' dir='ltr'> </span> 
     </span>
    </p>
   </div>
  </div>
 </body>
</html>
