3038 4988
670 235 840 332 „38-

115 437 272 521 Dysaulis
288 437 418 500 filiabus
434 436 589 515 invitata,
613 438 746 500 Baubus
762 444 854 501 tecta
868 437 959 500 subit
975 444 1009 500 ct
1026 439 1066 501 ab
1089 438 1233 522 antiquis
1255 439 1396 503 homini-

115 558 177 621 bus
194 556 337 640 hospitio
353 555 524 639 accipitur.
549 557 664 619 Baubo
681 555 813 619 cinnum
829 556 971 639 oggerit,
989 557 1047 620 scd
1063 558 1124 621 dea
1139 557 1245 621 tristis
1260 565 1294 622 et
1305 580 1396 622 moe-

115 683 168 739 sta
184 683 352 739 aversatur
371 682 405 739 et
425 675 561 759 respuit.
593 676 676 738 Tum
697 675 770 753 illa,
794 699 857 758 qua
879 683 951 739 crat
970 676 1174 756 rusticitate,
1198 700 1273 743 cum
1294 701 1396 762 puero

116 818 174 858 suo
196 796 357 858 obscoene
379 794 488 858 iocata
508 794 641 858 tandem
664 816 736 858 eam
760 795 922 858 exhilarat
945 803 979 859 et
1001 798 1156 879 poculum
1180 797 1210 859 ei
1232 797 1395 863 obtrudit.

115 916 197 978 Mox
220 921 385 997 pastores,
413 913 633 996 Triptolemus
659 920 693 976 et
717 914 903 992 Eubuleus,
929 916 1102 994 nuntiant,
1129 938 1211 999 quae
1236 917 1277 980 dc
1301 924 1398 1000 rapta

115 1034 311 1117 Proserpina
326 1034 380 1098 vel
396 1040 623 1117 compererant
638 1034 692 1096 vel
711 1033 774 1115 ipsi
796 1042 1049 1116 conspexerant,
1073 1042 1250 1118 postquam
1269 1036 1335 1100 iam
1355 1037 1397 1100 ab

115 1156 198 1217 Jove
214 1154 360 1218 Hecate¹
377 1154 439 1216 sub
458 1159 580 1216 terram
602 1151 644 1215 ad
665 1152 928 1235 investigandam
951 1176 1095 1217 sororem
1115 1154 1215 1220 missa
1235 1163 1288 1248 est
1303 1157 1395 1239 (Agl.

30 1266 31 1269 ¹
116 1298 149 1359 p,
167 1275 253 1354 545).
285 1271 427 1355 Accepti
441 1271 548 1336 nuntii
568 1271 676 1355 gratia
693 1272 791 1335 Ceres
807 1272 883 1335 illos
906 1272 1142 1356 agriculturam
1164 1275 1273 1339 docet.
1306 1275 1397 1339 Haec

116 1391 219 1474 igitur
237 1392 265 1454 si
285 1391 358 1474 quis
378 1391 644 1474 perlustraverit,
671 1390 811 1454 fortasse
833 1393 1054 1457 narrationem
1076 1394 1109 1456 in
1126 1394 1257 1478 Hymno
1275 1394 1397 1459 Home·

116 1510 183 1575 rico
200 1511 402 1595 propositam
418 1511 525 1573 minus
542 1510 711 1593 antiquam
727 1510 831 1574 videri
848 1513 1007 1576 censebit.
1032 1512 1164 1576 Etenim
1180 1536 1251 1577 meo
1266 1515 1398 1597 quidem

117 1629 236 1694 iudicio
255 1630 386 1713 quidam
402 1629 535 1693 nativus
552 1631 642 1693 color
666 1637 700 1693 ct
720 1631 812 1713 quasi
833 1631 949 1714 robigo
967 1633 1092 1715 Orphei
1113 1633 1267 1696 relationi
1286 1633 1398 1697 inhae-

117 1757 184 1828 ret,
209 1771 291 1833 quae
313 1750 354 1812 ab
375 1749 466 1812 illius
488 1748 638 1812 carminis
661 1756 795 1812 auctore
816 1773 948 1833 prorsus
971 1753 1121 1815 abstersa
1142 1759 1204 1815 est.
1245 1754 1398 1836 Orpheus

119 1868 324 1932 Eleusinium
339 1890 455 1952 agrum
471 1892 490 1931 a
505 1868 617 1952 paucis
633 1867 820 1951 pastoribus
836 1868 971 1932 incultis
988 1878 1021 1934 et
1038 1871 1258 1953 agriculturae
1275 1871 1398 1954 ignaris

117 1989 307 2053 habitatum
327 1995 442 2071 putat,
465 1988 628 2050 Homerus
652 1987 706 2070 (H.
727 1987 761 2048 in
780 1988 853 2051 Cer.
874 2012 906 2051 v.
927 1993 967 2052 96
987 2013 1054 2072 sq.,
1076 1995 1137 2054 150
1157 1994 1220 2074 sq.)
1243 1991 1398 2074 oppidum

119 2107 298 2185 munitum,
315 2107 490 2189 populum,
508 2106 671 2189 principes
687 2107 797 2182 novit;
818 2107 875 2169 ille
892 2107 1062 2190 Dysaulcn
1078 2116 1111 2172 et
1127 2111 1241 2173 Baubo
1257 2110 1399 2173 rusticos

119 2226 270 2309 depingit
285 2226 521 2289 homunciones
538 2247 713 2308 eorumque
732 2246 839 2288 casam
855 2206 1089 2309 pauperculam
1102 2235 1136 2291 et
1150 2228 1298 2292 cultioris
1312 2229 1399 2293 vitae

120 2345 326 2429 supellectile
343 2345 550 2423 destitutam,
566 2345 619 2407 hic
636 2344 769 2407 domum
784 2344 875 2408 Celei
891 2347 1054 2409 excelsam
1072 2354 1106 2410 et
1120 2348 1225 2431 regali
1241 2354 1402 2431 apparatu

119 2465 332 2544 instructam,
359 2463 558 2527 Metaniram
586 2470 697 2527 autem
725 2464 830 2547 magis
856 2467 979 2528 Aretae
1009 2467 1060 2529 vel
1088 2468 1274 2550 Penelopae
1304 2490 1401 2550 quam

64 2594 66 2598 '
120 2585 244 2668 agresti
259 2583 471 2648 mulierculae
488 2583 630 2646 similem
645 2583 774 2646 inducit
780 2608 789 2659 3
811 2584 869 2646 ille
885 2586 905 2646 J
907 2586 1045 2648 acchum
1061 2607 1198 2668 puerum
1213 2595 1313 2650 vocat
1328 2609 1401 2670 par·

120 2706 232 2768 vulum
240 2754 250 2783 ,
273 2704 326 2767 hic
343 2703 539 2767 verecundia
555 2703 683 2766 scilicet
698 2703 877 2782 adductus,
903 2705 1056 2786 quoniam
1073 2706 1170 2768 deum
1191 2727 1264 2768 eum
1286 2707 1400 2783 habet,

119 2826 309 2909 petulantes
330 2825 400 2908 ejus
422 2824 512 2886 iocos
532 2822 651 2886 reticet
659 2847 668 2897 ;
692 2821 749 2884 ille
769 2822 883 2886 Baubo
906 2847 996 2886 suam
1018 2824 1121 2906 ipsam
1142 2824 1280 2888 facetias
1301 2803 1402 2907 agenss

120 2952 188 3008 tem
215 2944 314 3026 fingit
341 2964 446 3025 neque
475 2941 667 3024 indignatur
697 2963 769 3019 eas,
800 2942 858 3004 sed
889 2943 1107 3025 spurcissimis
1143 2943 1251 3007 verbis
1287 2950 1402 3027 aperte

122 3071 267 3138 enarrat,
293 3061 347 3125 hic
372 3061 524 3124 ancillam
550 3082 721 3143 procacem
745 3059 778 3122 in
802 3061 914 3124 locum
937 3064 1034 3126 herae
1060 3062 1235 3127 substituit
1259 3069 1294 3126 et
1325 3062 1403 3146 quid

120 3182 238 3247 fecerit
261 3182 353 3244 nullo
379 3181 479 3244 verbo
507 3179 649 3256 indicat;
679 3186 845 3263 postremo
875 3181 932 3244 ille
958 3181 1109 3245 Cererem
1137 3189 1207 3246 tam
1235 3190 1403 3265 agrestem

122 3303 217 3365 deam
231 3308 345 3386 putat,
363 3308 401 3363 ut
417 3322 488 3362 eam
505 3298 648 3383 corporis
665 3298 716 3361 sui
730 3322 827 3361 usum
843 3301 967 3383 hospiti
983 3300 1090 3364 facere
1106 3325 1172 3364 non
1187 3302 1327 3385 pudeat,
1347 3303 1401 3365 hio

121 3444 198 3486 vero
221 3421 309 3484 omni
331 3419 428 3483 modo
450 3420 529 3482 deae
549 3427 699 3504 σεμνότητα
721 3419 889 3500 praedicat
918 3420 1178 3503 significatque.²
1217 3421 1275 3484 Sin
1296 3421 1402 3484 totius

122 3541 254 3604 fabulae
270 3540 479 3623 ipsorumque
491 3537 734 3600 Eleusiniorum
750 3538 981 3620 mysteriorum
997 3539 1045 3602 vis
1063 3547 1161 3623 atque
1177 3562 1296 3603 nervus
1313 3541 1346 3602 in
1363 3562 1401 3603 eo

191 3710 313 3777 ¹Apcllo
337 3721 362 3761 et
379 3712 492 3760 Artemis
510 3711 536 3759 h.
556 3725 578 3761 e.
595 3703 709 3766 ‘'anror
731 3718 756 3758 et
770 3705 870 3780 Ἑκάτη
895 3710 990 3760 Coram
1014 3713 1195 3776 Bacchumque
1218 3720 1403 3778 prosequentes

123 3803 201 3851 ctiam
219 3801 246 3848 in
265 3800 395 3847 nonnullis
414 3798 526 3860 antiquis
544 3797 612 3845 vasis
630 3797 693 3860 picti
711 3805 855 3858 occurrunt,
881 3800 914 3847 cf.
934 3798 1090 3859 Gerhard,
1115 3801 1194 3850 Ueber
1210 3802 1252 3849 die
1270 3802 1403 3850 Anticato-

122 3889 178 3937 or'ea
196 3887 255 3949 (cuce
272 3888 320 3934 dea
338 3887 403 3934 Aba.
423 3885 449 3934 d.
468 3885 495 3933 k.
514 3883 566 3932 Alc.
586 3885 612 3932 d.
638 3883 712 3933 Wiss.
731 3901 762 3946 aa
779 3885 872 3934 Berlin
891 3885 983 3949 1858),
1013 3887 1074 3934 Tot.
1095 3886 1135 3944 ΙΙ,
1154 3891 1178 3946 2,
1198 3891 1227 3947 3;
1252 3886 1308 3943 ΙΙΙ,
1329 3891 1353 3945 1,
1372 3889 1403 3942 23

123 3973 174 4031 IV,
196 3977 217 4019 l.

191 4054 342 4106 'Preller
367 4055 451 4118 (Dem.
470 4073 496 4104 a.
516 4056 637 4119 Persept.
656 4071 687 4119 p.
706 4054 751 4118 48)
776 4054 905 4117 Orpheum
930 4054 1087 4104 Graecorum
1109 4056 1210 4118 mythos
1233 4055 1265 4104 ab
1289 4055 1404 4104 Homero

123 4152 148 4193 et
170 4142 284 4192 Hesiodo
307 4142 406 4190 sincere
428 4141 534 4190 traditos
560 4141 661 4203 penitus
684 4140 828 4202 corrupisse
850 4140 914 4188 dicit
940 4154 1035 4202 eosque
1059 4142 1136 4190 unica
1159 4141 1204 4189 illa
1230 4142 1402 4205 simplicitate,

124 4229 228 4278 veritate
247 4236 273 4277 et
290 4228 364 4290 quasi
382 4227 529 4275 innocentia
544 4227 697 4275 destituisse.
736 4225 787 4274 Sed
799 4227 898 4275 videtur
915 4225 954 4273 vir
971 4226 1002 4274 de
1016 4225 1115 4275 Graeca
1126 4227 1284 4290 mythologie
1301 4229 1404 4291 egregio

124 4316 230 4365 meritus
253 4315 290 4363 ita
312 4314 448 4374 iudicasse,
474 4314 542 4375 quod
559 4312 760 4361 Lobeckium
786 4320 887 4360 secutus
910 4313 979 4361 solos
998 4311 1157 4361 Onomacriti
1180 4311 1285 4375 ejusque
1309 4328 1404 4376 aequa-

123 4402 184 4450 lium
203 4400 283 4449 libros
302 4399 428 4462 Orphicos
447 4399 473 4446 in
491 4408 576 4448 mente
594 4398 691 4446 habuit.
728 4398 809 4447 Vetus
828 4399 895 4445 enim
914 4398 1063 4460 Theogonia
1086 4404 1159 4447 vacat
1182 4397 1307 4460 ejusmodi
1325 4400 1402 4448 vitiis.
