3038 4988
735 253 775 314 66

669 340 840 353 .-,-..-

116 452 202 536 apud
218 452 433 515 Plutarsshllm
450 452 490 515 de
503 453 591 516 MUS·
607 475 636 516 0·
648 453 694 514 V:
713 463 873 541 ἐζηλωκέναι
887 462 952 541 φασὶ
965 462 1010 521 τὸν
1026 460 1198 538 Τέρπανδρου
1216 455 1335 537 Ὁμήρου
1350 461 1398 537 μὲν

113 581 149 640 τὰ
170 579 239 657 ἔπη,
258 576 383 658 Ὀρφέως
404 581 482 640 δὲτὰ
497 583 575 659 μέλη.
599 579 786 661 ὁδ”Ορφεὺς
806 581 901 642 οὐδένα
916 581 1036 661 φαίνεται
1051 571 1277 659 μεμιμημένος).ι
1324 569 1398 633 Ηθθ

115 697 226 753 autem
241 689 361 773 posito,
385 691 584 774 quidnobis,
608 692 755 771 obsecro,
776 691 1001 755 similitudinis
1021 698 1127 755 restat
1141 689 1262 754 veteris
1278 696 1397 773 poetae

115 809 328 872 sacerdotalis
345 817 379 874 et
394 811 491 895 lyrici
505 819 604 895 atque
620 812 812 876 recentioris
827 811 995 895 theologi,
1019 811 1075 894 qui
1089 809 1303 893 genealogias
1320 809 1396 872 deo·

114 952 186 992 rum
209 929 351 992 carmine
372 932 472 1013 longo
494 938 529 994 et
549 931 641 1015 epico
664 938 698 995 et
717 932 850 997 minime
871 932 1049 995 decantata
1073 931 1108 994 in
1129 929 1230 993 sacris
1252 928 1396 1012 publicis
1443 944 1448 952 ·

116 1055 192 1133 apto
215 1049 434 1113 enarraverit?
480 1051 514 1114 Si
534 1051 637 1134 igitur
657 1051 741 1115 vixit
762 1053 915 1136 Orpheus
937 1051 1062 1114 Pierius
1084 1049 1167 1114 etsi
1189 1071 1272 1132 quae
1294 1049 1396 1112 abeo

114 1176 315 1251 propagatae
332 1177 409 1232 sunt
425 1170 605 1249 doctrinae,
623 1193 726 1254 usque
743 1172 821 1234 dum
837 1194 856 1234 a
871 1170 1082 1253 Theogoniae
1098 1169 1258 1252 scriptore
1273 1167 1397 1231 litteris

115 1289 363 1367 mandarentur,
393 1297 481 1353 certe
503 1289 601 1354 hodie
622 1291 786 1354 neminem
807 1298 877 1353 tam
899 1292 1053 1375 lynceum
1073 1311 1144 1353 esse
1165 1288 1337 1366 existimo,
1359 1294 1399 1350 ut

115 1407 184 1490 ejus
202 1408 408 1491 cognationis
424 1409 557 1493 aliquod
573 1411 751 1494 vestigium
767 1410 873 1494 possit
888 1410 1056 1493 indagare.

201 1527 284 1590 Cum
300 1528 402 1611 igitur
420 1529 485 1592 iam
500 1538 650 1613 apertum
666 1531 726 1609 sit,
751 1531 927 1615 Orphicam
944 1529 1168 1612 Theogoniam
1183 1549 1290 1611 neque
1307 1528 1398 1592 Ono'·

115 1647 244 1711 macriti
264 1648 468 1730 temporibus
489 1650 645 1733 scriptam
670 1673 740 1714 esse
762 1673 867 1734 neque
891 1651 961 1713 ullo
982 1650 1079 1713 modo
1103 1647 1301 1732 implicitam
1325 1668 1397 1711 esse

115 1788 189 1829 cum
211 1769 411 1851 antetrojani
430 1770 555 1852 Orphei
577 1769 751 1849 doctrinis,
775 1770 996 1854 quaerendum
1017 1777 1068 1832 est
1075 1818 1084 1847 ,
1107 1791 1250 1851 quonam
1271 1789 1396 1844 eorum,

115 1908 197 1967 quae
216 1887 250 1950 in
266 1887 373 1951 medio
390 1889 498 1973 posita
513 1898 606 1968 sunt,
629 1891 760 1953 saeculo
782 1897 897 1954 auctor
919 1890 989 1972 ejus
1004 1888 1133 1952 vixerit.
1183 1888 1307 1951 Verum
1323 1909 1399 1950 cum

115 2006 212 2070 hodie
228 2007 283 2070 vix
299 2007 471 2091 quisquam
493 2010 599 2073 adbuc
616 2009 762 2087 dubitet,
787 2009 865 2092 quin
886 2008 996 2072 studia
1017 2007 1219 2090 theogonica
1236 2006 1290 2070 vel
1308 2013 1398 2070 certe

113 2126 367 2209 theogoniarum
378 2127 541 2192 confectio
553 2137 667 2193 secuta
677 2130 722 2192 sit
731 2128 907 2193 Homerica
923 2127 1077 2206 carmina,
1095 2128 1203 2190 solum
1218 2124 1398 2209 disceptari

114 2245 253 2328 poterit,
285 2254 396 2310 utrum
422 2248 567 2332 Orphica
596 2272 638 2312 an
662 2249 827 2313 Hesiodea
850 2248 1043 2331 Theogonia
1073 2247 1162 2329 prius
1192 2246 1316 2330 scripta
1340 2245 1396 2308 sit.

114 2364 276 2446 Equidem
300 2373 338 2428 ut
361 2369 445 2430 hanc
469 2368 528 2432 illa
552 2368 769 2450 antiquiorem
794 2375 925 2452 putem,
954 2368 1005 2430 his
1030 2367 1213 2431 rationibus
1237 2365 1396 2429 adducor.

114 2484 260 2547 Primum
275 2485 340 2548 iam
356 2488 470 2569 supra²
487 2487 648 2551 monitum
665 2496 726 2567 est,
744 2489 885 2551 fortasse
901 2488 935 2550 in
951 2488 1097 2570 Orphica
1106 2485 1299 2569 Theogonis
1314 2506 1396 2548 non·

113 2605 222 2669 nullas
238 2605 368 2669 fabulas
383 2606 538 2691 pinguius
555 2615 588 2671 et
604 2609 732 2691 turpius
749 2631 846 2691 quam
867 2608 901 2670 in
916 2607 1082 2671 Hesiodea
1098 2614 1264 2670 enarratas
1283 2603 1396 2667 luisse.

113 2724 155 2787 Id
171 2726 258 2807 quod
278 2725 483 2790 imitatorum
497 2728 603 2811 magis
625 2736 677 2791 est
693 2751 789 2810 quam
806 2727 857 2792 sui
873 2727 996 2811 ingenii
1012 2727 1221 2810 scriptorum.
1267 2724 1398 2788 Deinde

114 2844 287 2908 fatendum
302 2846 434 2929 quidem
456 2855 522 2927 est,
545 2848 704 2911 nonnulla
723 2847 915 2931 praesertim
937 2850 998 2911 sub
1018 2846 1148 2910 initium
1165 2843 1318 2913 carminis
1335 2844 1397 2906 Or-

114 2963 202 3046 phici
216 2965 364 3043 inveniri,
382 2988 464 3048 quae
474 2967 673 3051 simpliciora
689 2974 723 3030 et
732 2974 906 3051 propterea
920 2965 1105 3049 antiquiora
1114 2965 1288 3028 videantur
1299 2984 1398 3045 quam

115 3105 196 3165 quae
213 3085 254 3147 ab
265 3085 410 3147 Hesiodo
427 3085 461 3149 in
476 3087 745 3169 genealogiarum
762 3086 894 3150 exordio
911 3087 1020 3169 posita
1036 3085 1114 3163 sint,
1132 3083 1236 3148 veluti
1252 3083 1398 3146 Noctem

114 3225 172 3286 pro
189 3203 297 3282 Chao,
321 3205 520 3288 peculiarem
538 3206 662 3269 Oceani
683 3213 717 3269 et
733 3208 879 3290 Tethyos
900 3205 1088 3290 dynastiam
1103 3205 1247 3267 Homero
1267 3222 1397 3285 quoque

115 3325 345 3406 approbatam,
369 3324 518 3404 Amoris,
542 3325 598 3408 qui
617 3324 681 3388 iam
698 3326 971 3408 philosophorum
987 3324 1135 3408 argutias
1151 3323 1315 3399 redoleat,
1339 3321 1397 3383 ab·

114 3442 265 3505 sentiam.
291 3444 356 3507 Sed
371 3444 516 3507 vicissim
533 3445 632 3508 etiam
649 3446 735 3527 apud
747 3445 916 3528 Orpheum
932 3445 1091 3528 quaedam
1108 3447 1295 3518 occurrunt,
1314 3460 1397 3523 quae

115 3561 186 3644 ejus
196 3570 346 3645 tempora
357 3563 496 3626 cultiora
512 3571 546 3626 et
557 3564 662 3647 magis
678 3564 710 3626 in
722 3564 941 3647 sophistarum
960 3563 1085 3626 artibus
1102 3562 1283 3625 exercitata
1295 3558 1397 3621 fuisse

115 3704 212 3763 quam
228 3682 393 3746 Hesiodea
408 3683 488 3744 satis
504 3683 656 3768 prodant.
703 3685 722 3745 J
725 3706 820 3747 ovem
842 3683 927 3746 enim
943 3683 1016 3747 dico
1023 3733 1033 3762 ,
1056 3683 1112 3767 qui
1128 3705 1193 3744 non
1209 3682 1317 3744 solum
1338 3675 1396 3743 illo

115 3802 238 3884 hymno
261 3803 377 3884 supra³
403 3803 570 3885 apposito,
597 3803 656 3865 sed
680 3802 780 3866 etiam
805 3804 908 3866 totius
930 3803 1081 3866 carminis
1107 3808 1273 3865 structura
1297 3807 1397 3883 atque

116 3920 273 4032 oonsilio*
298 3928 429 4033 praeter
449 3921 585 3984 Homeri
611 3929 644 3984 et
666 3922 802 3985 Hesiodi
831 3923 1101 3986 consuetudinem
1126 3921 1174 3985 ita
1195 3921 1314 3984 ceteris
1336 3918 1398 3982 diis

172 4029 298 4127 ¹Sclol.
318 4080 451 4142 Aristoph.
471 4031 539 4143 Eqa.
560 4082 589 4126 9:
609 4076 681 4146 νόμοι
699 4077 727 4129 δὲ
744 4076 884 4128 aalocnrar
900 4077 924 4128 ol
943 4077 978 4133 εἰς
996 4075 1102 4134 beocr'
1089 4094 1186 4146 υμνοι.

182 4159 233 4224 2.§
253 4168 278 4224 2,
297 4164 331 4212 cf.
350 4165 427 4213 etiam
445 4164 579 4228 Preller,
599 4167 962 4229 meterandPerrephoae
981 4164 1125 4228 (Hambory
1146 4162 1232 4227 1837),
1248 4181 1278 4227 p.
1298 4167 1340 4210 46.

227 4283 233 4296 .
255 4253 269 4296 6
307 4286 313 4298 .
334 4255 375 4298 45.

183 4245 313 4397 ⁴iupitir
336 4335 368 4384 ab
392 4336 550 4385 Adrastea
572 4337 682 4384 nutritur
703 4336 775 4401 (Agl.
792 4354 821 4401 p.
842 4336 913 4396 514),
938 4337 1029 4386 deinde
1054 4337 1154 4385 adultus
1173 4336 1271 4384 Metin
1296 4335 1397 4382 consilii

114 4419 194 4482 patris
212 4421 357 4483 expellendi
375 4424 472 4472 sociam
491 4423 539 4472 sibi
557 4423 666 4472 assumit
683 4423 818 4488 (Apollod.
837 4424 895 4473 hiel.
910 4424 935 4482 I,
948 4428 972 4471 2.
989 4428 1011 4470 1.
1040 4423 1143 4472 Etenim
1160 4423 1224 4470 haec
1242 4436 1294 4470 non
1312 4422 1398 4470 minus
