3038 4988
769 256 809 317 80

151 453 232 516 Cum
250 462 361 517 autem
376 455 542 537 Pamphus
558 455 592 518 in
607 458 723 520 Attica
738 456 858 520 vixerit
874 458 984 540 (Paus.
1001 457 1070 534 IX,
1089 460 1140 534 29,
1157 460 1193 520 3:
1218 463 1364 542 Ἀθηναίοις
1377 469 1436 524 τῶν

149 581 237 659 ὕμνων
252 582 362 660 ἐποίησε
376 583 438 649 τοὺς
453 584 654 665 ἀρχαιοτάτους,
671 577 714 638 of.
727 576 806 654 VII,
825 580 876 654 21,
892 578 922 659 3)
940 597 1000 638 nec
1015 574 1243 638 veridissimile
1260 575 1316 648 sit,
1334 574 1434 637 illum

150 714 278 774 quoque
295 695 453 775 hymnum
469 693 503 756 in
519 694 669 758 Cererem
686 696 849 778 quondam
865 695 900 758 in
916 695 1111 758 collectione
1128 693 1319 758 Atticorum
1335 696 1433 777 hym-

148 833 265 874 norum
280 819 450 895 receptum
465 811 593 891 fuisse,¹
611 813 751 877 fortasse
768 814 868 878 etiam
881 814 1045 898 Orphicae
1062 812 1271 896 Theogoniae
1287 812 1434 896 scriptor

149 929 254 993 inter
272 932 406 993 horum
428 931 789 1015 antiquissimorum
807 933 1037 997 Atticorum
1058 940 1268 1017 poetarum
1288 953 1433 995 recen-

149 1050 298 1113 sendus
323 1057 386 1113 est
410 1073 624 1116 numerum.
670 1053 802 1120 Nomen
829 1075 906 1116 vero
932 1052 1057 1136 Orphei
1086 1074 1142 1115 cur
1171 1051 1234 1115 sibi
1262 1051 1432 1130 asciverit,

147 1169 271 1232 nescio.
304 1170 369 1233 Sed
385 1168 451 1232 illis
468 1171 671 1255 temporibus
687 1195 753 1235 non
769 1172 964 1235 inusitatum
979 1172 1111 1235 videtur
1127 1170 1227 1234 fuisse
1234 1220 1243 1249 ,
1261 1176 1300 1232 ut
1316 1192 1433 1233 recen·
1480 1181 1490 1196 ⁶

148 1295 200 1351 tes
216 1296 333 1372 poetae
349 1290 403 1352 vel
421 1290 669 1384 veterrimorum
691 1297 805 1354 vatum
825 1291 1012 1354 nominibus
1033 1313 1092 1353 sua
1112 1295 1265 1353 ornarent
1285 1288 1434 1352 carmina

148 1409 202 1471 vel
217 1407 351 1471 illorum
366 1416 471 1472 artem
487 1416 521 1472 et
537 1410 669 1493 egregie
686 1410 775 1474 facta
790 1410 943 1474 laudibus
960 1409 1195 1473 celebrarent.²
1218 1409 1323 1471 Ouot
1343 1407 1432 1471 enim

150 1527 293 1590 carmina
317 1529 378 1590 sub
403 1528 555 1606 Homeri,
582 1536 663 1612 quot
688 1531 749 1592 sub
772 1529 909 1593 Hesiodi
933 1529 1065 1593 nomine
1090 1529 1180 1592 edita
1204 1528 1299 1590 sunt!
1346 1526 1433 1589 Cum
1495 1522 1499 1530 ’

149 1645 252 1728 igitur
267 1646 388 1709 veteris
406 1647 530 1729 Orphei
552 1648 639 1712 fama
660 1647 723 1711 iam
746 1648 869 1712 dudum
891 1671 949 1733 per
965 1648 1137 1712 Graeciam
1159 1646 1429 1731 percrebruisset,

149 1764 247 1827 facile
263 1764 334 1827 fieri
348 1766 469 1848 potuit,
487 1774 526 1829 ut
540 1774 639 1850 poeta
654 1767 688 1831 in
704 1791 827 1830 morem
843 1766 980 1830 Hesiodi
995 1766 1220 1850 Theogoniam
1237 1765 1430 1829 conditurus

150 1890 184 1946 et
207 1905 260 1946 eas
280 1885 472 1967 praesertim
493 1886 587 1964 deas,
611 1908 692 1969 quae
714 1887 868 1950 Eleusine
890 1887 1098 1964 colebantur,
1121 1885 1173 1968 pie
1195 1886 1432 1948 observaturus

150 2004 239 2067 illius
265 2004 395 2068 nomine
421 2005 513 2087 quasi
538 2007 688 2090 symbolo
713 2013 872 2069 uteretur.
920 2006 1002 2069 Quis
1027 2005 1113 2068 enim
1139 2005 1256 2067 melius
1285 2005 1325 2067 de
1350 2005 1432 2066 Pro-

150 2124 280 2207 serpina
295 2131 329 2187 et
344 2125 441 2188 rebus
458 2124 570 2187 inferis
586 2124 706 2188 referre
722 2125 846 2208 potuit,
868 2148 965 2207 quam
980 2124 1162 2227 illevvates,
1184 2123 1240 2207 qui
1256 2122 1289 2185 in
1306 2123 1431 2185 Orcum

150 2243 352 2306 descendens
369 2250 468 2307 cantu
483 2244 598 2306 mulsit
615 2245 753 2327 rigidam
769 2245 848 2307 deae
865 2245 1030 2308 mentem?

234 2363 354 2446 Itaque
380 2363 525 2446 Orphica
549 2363 741 2446 Theogonis
764 2364 856 2446 quasi
880 2363 914 2426 in
939 2363 1049 2426 limine
1078 2362 1168 2424 illius
1198 2360 1271 2424 aevi
1297 2360 1433 2426 obscuri

151 2481 281 2565 quidem
298 2482 355 2544 sed
372 2505 499 2546 summa
515 2483 730 2546 admiratione
747 2482 838 2579 digni
854 2482 985 2546 videtur
1000 2481 1109 2566 posita
1125 2502 1196 2544 esse
1203 2529 1213 2559 ,
1231 2502 1294 2563 quo
1312 2479 1434 2543 Graeci

149 2601 275 2684 priscos
291 2602 451 2685 majorum
467 2623 573 2665 mores
590 2609 624 2666 et
642 2601 834 2685 religionem
855 2608 1068 2664 mutaverunt
1088 2611 1122 2663 et
1144 2601 1186 2664 ad
1206 2622 1308 2662 novas
1329 2606 1431 2677 artes,

150 2720 355 2805 disciplinas,
379 2722 629 2804 superstitiones
646 2720 853 2795 delatiysunr.
885 2722 963 2783 Non
982 2720 1099 2783 inutile
1119 2720 1222 2802 igitur
1242 2719 1335 2797 duxi,
1359 2719 1433 2801 ejus

44 2895 46 2900 ,
149 2839 293 2904 indolem
311 2848 409 2923 atque
427 2841 587 2924 originem
604 2840 709 2904 denuo
726 2838 922 2903 examinare.

219 3079 441 3142 ¹cf.Pre11er,
461 3085 534 3132 Dem.
554 3100 579 3132 a.
599 3084 673 3132 Pers.
694 3087 735 3130 66.

218 3165 365 3217 ²F0rtasse
389 3168 548 3231 Pherecydes
572 3168 737 3217 Atheniensis
764 3167 790 3215 in
814 3166 902 3216 Attica
929 3183 976 3216 sua
1003 3167 1182 3231 archaeologia
1205 3161 1371 3237 Αὐτόχθονες
1391 3166 1429 3213 in-

150 3254 245 3317 scripta
270 3255 300 3302 de
324 3253 374 3301 hoc
399 3252 503 3317 Orpheo
527 3255 683 3302 mentionem
707 3253 815 3313 fecerat,
840 3253 873 3304 cf.
893 3252 985 3302 Suidcs
1008 3270 1030 3303 ε.
1049 3271 1073 3302 v.
1095 3249 1257 3323 Φερεκύδης·
1282 3247 1434 3322 Φερεκύδης

148 3333 290 3407 Ἀθηναῖος
313 3337 482 3410 πρεσβύτερος
504 3343 548 3389 τοῦ
574 3335 663 3410 Συρίου
688 3339 715 3403 (l
734 3337 839 3398 Stura,
857 3342 958 3404 frcpm.
983 3340 1088 3388 Pheres.
1110 3357 1139 3403 p.
1165 3338 1223 3402 62),
1250 3336 1278 3388 ὃν
1302 3335 1375 3405 λόγος
1398 3332 1433 3385 rol

149 3417 265 3494 Ὀρφέως
277 3427 434 3491 συναγαγεῖν.
454 3421 565 3495 ἔγραψεν
577 3418 754 3494 Αὐτόχθονας.
774 3421 870 3474 ἔστιδὲ
888 3429 935 3491 τῆς
945 3418 1066 3492 Ἀττικῆς
1084 3420 1264 3494 ἀρχαιολογίας
1282 3421 1308 3472 ἐν
1327 3417 1434 3490 βιβλίοις

151 3507 223 3559 δέκα.
261 3507 423 3571 Quamquam
440 3511 556 3558 nonnulli
579 3511 624 3558 riri
644 3510 712 3558 docti
730 3509 767 3556 ibi
791 3523 838 3571 pro
857 3508 1010 3571 Pherecydis
1034 3508 1138 3556 nomine
1156 3508 1335 3557 Pherecratem
1358 3521 1434 3568 repo-

150 3594 262 3642 nendum
281 3609 337 3643 esse
356 3603 510 3643 censuerunt
529 3593 646 3658 (Stura,
666 3596 684 3644 l.
705 3613 727 3643 c.
743 3612 773 3660 p.
794 3593 847 3657 69).

219 3675 230 3706 ³
248 3677 398 3742 Cujusmodi
417 3694 520 3728 carmen
537 3680 586 3729 fuit
603 3680 711 3729 Hesiodi
729 3673 912 3745 Melcpnobic.
