3038 4988
735 238 775 299 35

114 440 228 505 mundi
249 440 401 505 conditor
416 441 556 525 primum
578 440 612 504 in
628 442 790 504 lectorum
813 447 1028 523 conspectum
1043 439 1244 524 producitur,
1267 448 1400 504 tantum

114 563 221 639 abest,
244 568 282 624 ut
298 567 447 624 veterum
469 559 666 644 scriptorum
682 559 881 623 testimoniis
904 581 1049 622 summae
1065 559 1244 623 vetustatis
1268 560 1400 623 laudem

113 679 154 743 iis
178 679 345 744 vindicare
368 702 534 763 cogamur,
560 686 599 741 ut
619 679 812 758 Plutarcho,
835 678 979 756 Theona,
1006 678 1156 757 (tatiano,
1185 681 1400 762 Athenagora

114 800 305 863 auctoribus
331 799 400 863 eins
426 800 478 862 dei
507 798 650 881 origines
675 799 708 861 in
738 819 869 861 carmen
893 797 1122 874 subditicinm,
1154 799 1240 881 quod
1265 798 1398 861 ineunte

115 919 248 982 saeculo
270 942 303 1002 p.
322 919 383 981 Ch.
401 942 433 981 n.
458 918 602 981 secundo
624 917 817 1001 praesertim
839 916 925 980 inter
940 916 1131 980 Platonicos
1153 919 1270 980 harum
1291 940 1400 981 rernm

116 1037 346 1122 cupidissimos
367 1036 568 1115 inclaruerit,
592 1037 789 1120 relegendas
812 1043 845 1099 et
868 1059 886 1099 a
907 1044 1019 1099 vetere
1040 1036 1232 1118 Theogonis
1256 1037 1401 1119 Orphica

114 1180 248 1241 prorsus
269 1157 493 1240 segregandae
516 1155 701 1219 videantur.
739 1159 898 1219 Attamen
923 1161 1019 1218 caute
1036 1155 1235 1218 sententiam
1256 1156 1399 1220 feramus

116 1284 259 1360 oportet,
284 1298 358 1339 cum
378 1276 538 1339 Phanotis
559 1283 671 1358 partes
692 1275 840 1337 nondum
861 1281 954 1338 actae
976 1274 1055 1338 sint.
1093 1274 1194 1337 Redit
1216 1275 1301 1338 enim
1323 1283 1400 1360 post

116 1395 211 1459 Coeli
232 1402 266 1458 et
282 1395 416 1458 Saturni
430 1417 544 1478 regna,
567 1401 605 1457 ut
622 1418 640 1457 a
656 1396 738 1457 Jove
761 1394 986 1457 desorheatur.
1025 1394 1128 1477 Cujus
1144 1404 1322 1470 καταπόσεως
1335 1394 1400 1458 iam

115 1514 150 1577 in
165 1521 276 1578 vetere
294 1514 418 1598 Orphei
434 1514 529 1592 libro,
554 1535 652 1597 quem
668 1514 764 1577 Plato
780 1513 936 1591 tennerit,
959 1512 1159 1576 mentionem
1176 1513 1299 1576 factam
1316 1535 1398 1592 esse,

116 1632 274 1716 praeclari
295 1633 526 1696 aLobeckio
549 1641 654 1696 testes
676 1632 887 1697 adhibentur.
924 1633 975 1695 De
997 1631 1048 1694 his
1069 1631 1172 1715 igitur
1192 1654 1279 1696 nunc
1302 1655 1399 1715 qnae-

115 1753 253 1815 rendum
270 1760 333 1816 est.
371 1756 421 1815 Ao
438 1753 578 1835 primum
602 1753 731 1835 quidem
749 1753 815 1815 iam
831 1774 929 1834 supra
950 1751 1109 1835 adscripsi
1124 1752 1274 1814 Platonis
1290 1753 1401 1815 locum

115 1871 223 1954 Legg.
242 1871 304 1949 IV,
323 1873 395 1949 715,
409 1873 448 1950 Ε,
476 1895 539 1954 quo
564 1873 658 1935 illum
676 1871 913 1935 Atheniensem
939 1870 1105 1953 hospitem
1131 1870 1258 1953 aliquos
1277 1871 1401 1956 Orphei

115 2011 229 2053 versus
250 1991 284 2053 in
299 1990 497 2074 Rhapsodiis
514 1991 655 2074 scriptos
676 1997 814 2073 tangere
831 1990 1034 2053 Scholiastes
1055 2011 1115 2052 nec
1137 2013 1204 2053 non
1220 1991 1399 2053 Proculus¹

116 2109 313 2192 suspicatur.
350 2109 467 2192 Neque
483 2109 517 2173 in
532 2111 673 2174 Platone
690 2109 869 2172 subsistere
885 2109 976 2187 licet,
1001 2131 1073 2171 eum
1090 2108 1312 2172 Lobeckius
1333 2132 1401 2173 non

115 2227 223 2293 minus
234 2231 418 2312 Archytam
434 2236 468 2291 et
478 2228 716 2292 Aristoxenum
725 2231 966 2312 Pythagoreos,
982 2229 1253 2306 Demosthenem,
1270 2229 1400 2292 Stoicos

116 2345 263 2428 aliosque
288 2346 377 2410 illius
403 2370 516 2411 versus
541 2348 732 2411 memoriam
756 2347 934 2411 recoluisse
961 2348 1168 2430 comprobet,
1195 2370 1259 2430 quo
1284 2350 1401 2411 Jovem

117 2465 263 2529 omnium
278 2488 386 2529 rerum
403 2475 502 2550 eaput
519 2489 590 2531 esse
607 2489 648 2531 ex
664 2489 766 2550 eoque
789 2467 898 2530 omnia
914 2467 1056 2550 pendere
1078 2467 1296 2550 praedicetur.
1336 2467 1401 2530 Sed

117 2606 230 2648 omnes
246 2607 313 2650 non
328 2585 391 2648 nisi
407 2609 508 2650 unum
524 2609 656 2650 versum

349 2738 415 2797 Ζεὺς
434 2741 503 2813 ἀρχὴ
524 2739 589 2798 Ζεὺς
608 2741 698 2809 μέσσα,
717 2735 775 2797 Διὸς
793 2735 813 2790 δ’
833 2739 863 2791 ἐκ
881 2739 963 2790 πάντα
981 2739 1100 2790 τέτυκται

117 2894 152 2936 se
174 2874 305 2937 novisse
327 2875 482 2958 produnt.
522 2875 612 2938 Ouid
633 2882 745 2938 autem
760 2874 817 2937 isti
839 2874 1000 2938 versiculo
1024 2897 1098 2936 cum
1114 2876 1283 2939 Phanete?
1306 2877 1401 2941 Nihil

116 3013 211 3070 sane,
236 2992 265 3054 si
286 3014 359 3055 eum
382 2995 490 3057 solum
514 2995 619 3057 veteri
640 2994 850 3076 Theogoniae
871 2993 1033 3077 largiaris.
1074 2985 1302 3077 Sednfortasse
1327 3018 1400 3059 cum

116 3109 190 3173 aliis
216 3111 321 3195 magis
347 3113 510 3196 suspectis
535 3115 732 3198 conjunctus
758 3120 839 3176 erat.
886 3112 1019 3176 Etenim
1043 3113 1078 3176 in
1107 3113 1183 3177 falsi
1206 3114 1401 3178 Aristotelis

115 3229 201 3293 libro
225 3230 264 3293 de
281 3232 406 3295 Mundo
424 3235 505 3296 haec
520 3233 714 3316 leguntur:²
737 3243 782 3301 Διὸ
797 3241 842 3300 καὶ
856 3242 883 3300 ἐν
902 3244 956 3307 τοῖς
967 3238 1102 3319 Ὀρφικοῖς
1116 3242 1147 3301 οὔ
1163 3249 1254 3308 κακῶς
1269 3243 1374 3319 λέγεται

302 3391 327 3438 1.
348 3384 415 3443 Ζεὺς
432 3395 531 3458 πρῶτος
549 3388 644 3457 γένετο,
663 3385 731 3445 Ζεὺς
749 3385 854 3444 ὕστατος
873 3387 1059 3459 ἀργικέραυνοτ.

347 3486 415 3545 Ζεὺς
431 3489 544 3559 κεφαλή,
565 3487 631 3547 Ζεὺς
650 3489 740 3558 μέσσα·
760 3485 818 3546 Διὸς
836 3485 856 3540 δ’
876 3489 906 3541 ἐν
924 3490 1006 3541 πάντα
1024 3489 1152 3541 τέτυκται.

348 3587 414 3648 Ζεὺς
431 3589 537 3661 πυθμὴν
554 3590 629 3662 γαίης
646 3611 674 3644 τε
693 3592 737 3644 καὶ
755 3591 862 3663 οὐρανοῦ
882 3591 1066 3663 ἀοτερόεντος.“

348 3690 415 3751 Ζεὺς
433 3691 513 3765 ἅρσην
531 3694 625 3763 γένετο,
645 3692 712 3751 Ζεὺς
731 3691 858 3765 ἄμβροτος
876 3692 967 3744 ἔπλετο
985 3693 1083 3764 νύμφη.

301 3799 326 3846 5.
346 3793 414 3852 Ζεὺς
431 3796 504 3865 πνοιὴ
523 3797 632 3855 πάντων,
652 3794 720 3853 Ζεὺς
738 3795 873 3864 ἀκαμάτοο
891 3796 969 3868 πυρὸς
987 3795 1065 3866 ὁρμή.

347 3895 415 3954 Ζεὺς
432 3898 523 3950 πόντου
543 3897 608 3970 ῥίζα,
628 3896 696 3955 Ζεὺς
714 3898 785 3968 ἥλιος
802 3899 852 3968 ἠδὲ
870 3898 976 3968 σελήνη.

347 3998 414 4057 Ζεὺς
434 4000 559 4069 βασιλεύς,
579 3998 646 4058 Ζεὺς
665 4000 744 4073 ἀρχὸς
763 4000 880 4052 ἁπάντων
899 4000 1085 4072 ἀργικέραονος.

186 4287 195 4317 ¹
216 4292 302 4341 iheol.
327 4292 373 4351 VI,
392 4297 416 4352 8,
436 4297 485 4340 363
505 4293 580 4356 (Αηί.
597 4310 626 4357 p.
647 4297 717 4355 530).

183 4389 194 4421 ²
212 4396 298 4444 Arist.
317 4397 349 4445 de
366 4397 463 4445 Mando
482 4414 504 4445 c.
527 4399 539 4444 7
555 4413 585 4460 p.
605 4401 652 4444 401
668 4412 686 4443 a
703 4398 734 4443 27
748 4412 786 4459 sq.
