3038 4988
745 226 785 287 18

124 451 189 492 101
212 452 230 492 6
253 426 360 492 tribus
382 426 495 511 primis
520 427 686 510 principiis
710 429 862 511 Orpheus
885 429 1025 493 Eudemi
1050 453 1142 494 orsus
1168 439 1230 496 est.
1276 433 1409 496 Nihilo·

123 548 231 611 minus
256 554 365 610 autem
391 548 491 610 verba
514 560 583 633 τρεῖς
605 562 708 634 πρῶται
731 553 784 616 κατ’
804 554 910 635 Ὀρφέα
934 556 1132 636 displiciut-acca
1155 559 1238 641 ἀρχαί
1260 561 1351 616 recte
1372 575 1408 616 se

123 668 259 745 habent,
284 688 358 729 curn
373 667 516 729 Noctem
539 667 782 750 subsequantur
798 668 896 731 Terra
918 675 953 731 61
968 668 1102 732 Coelus.
1145 670 1407 753 Subsequentur,

122 786 267 869 inquam.
298 786 387 849 Nam
402 807 443 848 ne
459 788 522 850 hoo
539 785 669 868 quidem
688 793 812 849 certum
830 793 892 865 est,
910 787 1044 850 Terram
1059 794 1094 851 et
1110 788 1249 852 Coclum
1262 811 1281 853 a
1296 790 1409 854 Nocte

121 905 285 990 progigni,
309 905 368 968 sed
384 927 459 968 cum
480 904 580 968 etiam
603 905 643 967 de
659 905 768 969 Nocte
789 903 874 968 illud
895 913 1092 992 ἐξεβλάστησαν
1114 908 1235 986 valeat,
1259 908 1410 991 suspicor
1444 895 1446 898 ’

121 1046 191 1087 rem
206 1023 346 1087 similem
363 1022 464 1087 fuisse
480 1023 531 1102 iis,
550 1044 632 1107 quac
649 1024 735 1106 apud
751 1024 934 1088 Hesiodum
951 1026 991 1088 de
1008 1025 1111 1104 Chao,
1129 1027 1239 1104 Terra,
1257 1028 1407 1106 Tartaro,

122 1141 440 1226 Αι101616ς111116.1
465 1143 532 1206 Ubi
549 1143 780 1227 cumprimum
797 1143 942 1206 omnium
953 1124 1062 1208 Chaos
1079 1145 1247 1209 exstitisse
1265 1146 1406 1225 dicatur,

122 1261 239 1326 deinde
264 1284 340 1326 vero
363 1263 463 1325 Terra
485 1263 706 1345 Tartarusque
729 1270 763 1326 et
784 1266 902 1340 Amor,
929 1264 1044 1327 eodem
1065 1263 1135 1327 iure
1156 1265 1254 1328 modo
1278 1265 1318 1328 de
1339 1289 1406 1329 uno

121 1382 219 1445 modo
239 1382 278 1445 de
300 1387 440 1463 quatuor
456 1381 622 1466 principiis
642 1381 677 1445 11
692 1382 884 1465 Theogonia
899 1382 1065 1447 Hesiodea
1085 1383 1190 1447 obviis
1207 1406 1313 1448 sermo
1334 1385 1407 1449 fieri

121 1507 245 1585 potest.
283 1501 337 1564 Sic
354 1500 453 1564 etiam
469 1501 647 1579 Eudemus,
670 1507 769 1584 prout
784 1501 935 1584 principii
950 1501 1120 1565 notionem
1136 1509 1194 1565 aut
1209 1503 1331 1585 pressit
1346 1511 1406 1568 aut

120 1619 293 1698 relaxavit,
316 1621 380 1683 alio
396 1621 470 1683 loco
489 1642 588 1706 unam
604 1629 690 1710 ἀρχήν
704 1619 768 1683 6110
791 1627 859 1683 tres
877 1599 1056 1700 enumerat,
1081 1622 1233 1704 aquibus
1251 1623 1405 1705 Orpheus

119 1739 250 1802 initium
267 1739 405 1803 canendi
427 1739 555 1803 1606111.
593 1739 702 1802 Quid?
725 1739 813 1821 quod
834 1762 874 1803 ne
897 1739 945 1802 ita
967 1740 1098 1823 quidem
1120 1763 1233 1804 omnes
1252 1741 1287 1804 in
1309 1743 1405 1806 ador·

119 1859 236 1922 nandis
251 1858 318 1921 illis
334 1859 441 1922 tribus
456 1858 624 1941 principiis
639 1858 817 1922 varietates
834 1859 999 1941 persecuti
1015 1882 1138 1922 sumus.
1171 1861 1403 1925 Consideranti

121 1977 217 2056 enim,
242 1985 365 2060 quanta
385 1978 420 2042 11
441 1977 614 2041 laudandis
635 1977 775 2041 aliorum
796 1977 971 2042 sententiis
992 1978 1128 2042 licentia
1148 1987 1278 2044 veteres
1300 1980 1403 2064 scrip·

120 2105 209 2161 tores
233 2098 285 2161 usi
309 2097 391 2175 sint,
423 2097 504 2159 mihi
527 2119 594 2159 non
618 2104 748 2180 praeter
773 2096 1052 2160 existimationem
1075 2099 1219 2178 accidet,
1252 2099 1280 2163 si
1305 2121 1402 2181 quem

121 2238 232 2280 eorum
254 2215 401 2300 praecisa
416 2217 526 2280 Nocte
543 2216 675 2300 Orpheo
693 2216 757 2279 duo
773 2216 944 2300 principia,
966 2217 1098 2280 Terram
1121 2224 1155 2281 et
1172 2218 1319 2295 Coelum,
1343 2217 1401 2280 ad·

121 2336 262 2400 scribere
283 2335 432 2399 viderim.
470 2337 521 2398 Ac
542 2356 667 2412 vereor,
691 2357 732 2398 ne
747 2337 845 2398 Plato
867 2349 996 2399 revera
1015 2336 1050 2398 id
1065 2336 1182 2400 fecerit
1202 2337 1260 2400 illo
1277 2335 1401 2400 Timaei

118 2457 204 2519 loco.
242 2453 309 2516 (101
331 2476 405 2517 eum
421 2477 487 2517 non
508 2454 542 2517 id
558 2461 681 2536 ageret,
704 2461 743 2516 ut
759 2478 850 2518 suam
873 2455 913 2518 de
934 2455 1040 2538 prima
1057 2477 1154 2519 causa
1175 2463 1305 2542 ,6111116
1327 2478 1402 2519 661-

118 2574 259 2638 tentiam
277 2574 493 2636 contenderet
512 2595 586 2636 cum
602 2573 741 2637 aliorum
763 2573 947 2657 praeceptis
964 2575 1177 2637 adamussim
1194 2575 1401 2653 delineatis,²

119 2695 177 2758 sed
199 2700 237 2756 ut
258 2693 405 2776 vulgaris
426 2692 617 2775 theologiae
640 2714 799 2755 summam
821 2669 979 2771 traderet,
1003 2693 1101 2757 facile
1116 2695 1262 2757 Noctem
1282 2695 1335 2757 vel
1352 2693 1402 2757 in·

120 2801 223 2891 curia,
248 2813 303 2876 vel
325 2812 401 2896 quia
422 2834 493 2876 eam
515 2835 533 2875 a
555 2819 739 2875 ceterorum
761 2812 896 2875 deorum
917 2818 1035 2876 natura
1057 2819 1091 2876 et
1112 2813 1204 2876 victu
1223 2812 1320 2875 nimis
1342 2814 1400 2876 ab·

117 2934 249 2997 horrere
265 2931 380 3009 sensit,
403 2931 666 3014 praetermittere
683 2937 717 2994 61
732 2931 773 2993 ab
791 2930 892 2994 Coelo
913 2940 948 2994 et
963 2933 1062 2995 Terra
1077 2932 1213 2995 deorum
1229 2954 1350 3014 genera
1366 2939 1402 2996 et

118 3051 288 3136 dynastiae
311 3051 472 3115 deducere
492 3050 614 3134 potuit.
660 3052 716 3113 An
737 3050 870 3113 Platoni
891 3072 958 3113 non
976 3050 1082 3129 licuit,
1108 3051 1247 3136 primam
1267 3050 1400 3114 illarum

187 3276 196 3307 ²
216 3281 308 3343 Theop.
327 3295 352 3328 ο.
374 3282 421 3325 116
434 3294 487 3341 sq..⁸

392 3356 471 3413 Ἤτοι
489 3360 536 3428 μὲν
552 3363 681 3432 πρώτιστα
699 3356 769 3416 Χάος
787 3355 874 3429 γένετ’,
895 3357 976 3430 αὐτὰρ
996 3357 1083 3410 ἔπειτα

399 3442 459 3498 Γαῖ’
479 3444 649 3517 εὐρύστερνος,
668 3444 769 3496 πάντων
788 3442 844 3501 ἕδος
862 3443 975 3516 ἀσφαλὲς
993 3442 1051 3504 αἰεί,

398 3527 520 3602 Τάρταρά
537 3527 557 3581 τ’
575 3529 699 3602 ἠερόεντα
717 3533 796 3602 μυχῷ
813 3526 906 3601 χθονὸς
924 3527 1071 3601 εὐρυοδείης

398 3613 438 3687 ἠδ’
451 3611 529 3688 Ἔρος
546 3614 604 3668 κτλ.

184 3705 287 3754 Deinde
303 3704 415 3768 primum
432 3719 456 3753 v.
472 3707 615 3768 123-125,
634 3716 699 3765 quae
716 3717 749 3751 ex
761 3699 834 3750 Chao
852 3707 998 3762 nascantur,
1016 3709 1094 3765 poeta
1111 3708 1197 3750 narrat
1214 3708 1239 3749 et
1256 3715 1280 3748 v.
1297 3704 1343 3747 126
1357 3714 1397 3763 sq.

116 3792 211 3840 Terrae
228 3790 378 3854 progeniem
395 3796 519 3838 recenset.
550 3789 672 3836 Tartarus
690 3788 754 3836 nihil
772 3802 805 3836 ex
823 3801 850 3836 se
868 3787 925 3850 ipso
942 3794 1069 3850 procreat,
1088 3787 1132 3836 sed
1151 3801 1184 3836 ex
1202 3786 1282 3834 Terra
1299 3791 1399 3833 tantum

116 3876 240 3940 Typhoea
262 3875 352 3938 gignit.
390 3873 515 3934 Quartum
537 3873 648 3935 denique
665 3870 821 3935 principium
842 3864 952 3942 (Ἔρως)
977 3872 1142 3921 infecundum
1165 3878 1211 3924 ast.
1249 3869 1290 3920 Cf.
1309 3872 1399 3930 Plato,

116 3964 201 4029 Symp.
218 3979 248 4026 p.
272 3964 317 4009 118
330 3962 368 4010 B:
389 3954 507 4015 ζΗσίοδος
528 3966 628 4030 πρῶτον
651 3957 699 4025 μὲν
716 3956 781 4029 χάος
803 3955 866 4028 φησὶ
889 3953 1020 4026 γενέσθαι,
1045 3952 1126 4026 αὐτὰρ
1145 3952 1233 4006 ἔπειτα
1250 3953 1313 4025 φησὶ
1331 3953 1400 4022 μετὰ

115 4047 144 4100 τὸ
160 4047 225 4120 χάος
243 4043 388 4097 dicaciter
406 4040 531 4113 γενέσθαι,
552 4039 606 4114 Γῆν
622 4062 650 4095 τε
668 4042 714 4095 καὶ
724 4037 841 4114 Ἔρωτα.

184 4130 315 4182 ²Etenim
338 4131 361 4180 si
383 4131 440 4194 quis
463 4130 542 4180 alium
565 4130 722 4194 argumentis
744 4130 896 4179 convincere
920 4127 1012 4188 studet,
1035 4127 1130 4176 frustra
1146 4125 1324 4187 161101611ἰοί
1343 4127 1400 4176 eius

115 4221 263 4285 opinionem
281 4226 400 4268 accurate
419 4224 444 4268 et
461 4216 580 4266 distincte
598 4217 738 4266 lectoribus
757 4215 892 4265 describat.
922 4214 963 4263 Ita
980 4213 1016 4274 iit,
1035 4219 1064 4261 ut
1074 4211 1227 4261 Aristoteles
1244 4211 1303 4260 loco
1320 4225 1397 4274 supra

115 4306 246 4371 apposito,
271 4305 315 4353 ubi
334 4305 365 4353 dc
383 4304 466 4367 prima
478 4317 557 4353 causa
573 4310 648 4352 acute
666 4302 787 4365 disputat,
801 4299 933 4364 Orpheum
951 4298 1099 4361 theologum
1118 4295 1148 4348 ἐκ
1165 4295 1254 4353 νυκτὸς
1271 4303 1399 4365 γεννῶντα

113 4399 197 4451 vocet,
216 4391 281 4439 alias
298 4403 358 4439 vero
376 4389 451 4438 Nocti
470 4387 579 4438 Ocelum
597 4389 691 4438 addere
708 4402 760 4436 non
778 4393 920 4436 cunctetur.
