3038 4988
737 257 777 317 95

118 457 268 539 origenes
284 456 463 519 narrandae
480 462 584 533 erant,
601 455 701 518 etiam
717 457 820 540 prima
835 457 994 540 principia
1010 458 1043 520 in
1057 458 1206 520 homines
1220 463 1349 519 mutata
1363 463 1397 519 et

118 576 195 639 bina
211 575 394 639 constituta
410 582 505 637 sunt·
529 575 625 637 Unde
641 574 764 637 factum
783 583 880 658 puto,
902 584 940 638 ut
956 576 1142 659 ubicunque
1161 573 1289 660 proprie
1309 575 1397 637 filius

116 703 244 777 patrem
267 701 400 757 secutus
421 694 479 772 sit,
502 716 588 756 nunc
608 695 828 757 masculorum
848 718 906 778 par
928 701 1078 758 occurrat
1094 718 1159 758 non
1180 695 1287 757 minus
1310 716 1347 758 ac
1369 694 1398 756 si

117 814 286 896 utriusque
303 836 400 877 sexus
417 820 506 876 esset
520 813 642 876 liberos
657 812 797 896 pariens.
824 815 932 877 Ovum
947 821 1059 878 autem
1073 836 1114 877 ex
1128 813 1288 897 ejusmodi
1303 813 1396 877 fabu-

116 934 262 996 losorum
277 932 447 996 hominum
463 931 545 995 serie
561 932 746 996 necessario
764 940 834 995 erat
850 934 1079 996 eradendum.¹
1108 934 1224 1015 Neque
1240 933 1275 996 id
1290 933 1397 995 solum
1480 920 1489 934 ⁴

118 1054 304 1136 exemplum
329 1057 396 1129 est,
423 1074 486 1133 quo
511 1052 693 1115 Phoenices
718 1052 931 1115 multifariam
956 1052 1074 1115 lusisse
1099 1052 1133 1114 in
1158 1050 1397 1134 cosmogonicis

118 1171 284 1254 principiis
305 1170 501 1234 adornandis
521 1170 691 1254 probatur.
726 1171 871 1234 Maxime
891 1179 1003 1234 autem
1023 1171 1215 1254 gaudebant
1233 1170 1397 1254 populari-

118 1292 179 1353 bus
195 1290 257 1353 diis
273 1289 526 1374 transponendis
543 1311 582 1352 ex
599 1289 806 1372 mythologie
822 1290 855 1352 in
872 1290 1118 1373 cosmogoniam
1134 1296 1168 1353 et
1186 1289 1273 1353 notis
1293 1289 1396 1352 nomi·

119 1408 213 1471 nibus
231 1408 448 1491 subrogandis
464 1408 624 1472 inlocum
640 1409 782 1487 illorum,
798 1431 879 1491 quae
895 1410 993 1472 modo
1009 1408 1292 1491 perlustravimus,
1307 1407 1396 1491 cogi·

118 1528 244 1590 tatione
260 1534 392 1590 tantum
410 1529 574 1591 fictorum.
607 1528 662 1590 Ita
680 1528 715 1590 in
732 1528 925 1612 Bybliorum
945 1528 1144 1610 theogoniae
1161 1535 1269 1597 Ἐλιοῦν
1289 1521 1396 1620 (1115111)

118 1648 158 1709 ab
184 1647 278 1709 initio
304 1647 437 1731 ponitur
462 1654 496 1710 et
520 1647 638 1710 deinde
659 1653 732 1721 ’Ίλος
756 1643 819 1730 (525)
843 1649 898 1710 vel
921 1656 1024 1734 Κρόνος
1048 1646 1171 1709 Chroni
1195 1647 1248 1710 vel
1273 1645 1397 1709 Aeonis

118 1773 228 1847 partes
245 1765 427 1847 suscepisse
443 1766 585 1828 ridetur.
609 1766 650 1828 Id
663 1767 749 1849 quod
761 1788 799 1828 ex
811 1766 947 1829 mirifica
957 1766 1027 1848 ejus
1038 1765 1164 1849 specie²
1177 1764 1310 1847 colligo,
1323 1786 1397 1827 cum

118 1883 167 1946 illi
184 1891 323 1966 quatuor
339 1883 426 1946 oculi
442 1891 476 1947 et
492 1885 562 1947 alae
579 1885 668 1948 haud
682 1884 839 1948 inscitum
855 1884 1012 1968 temporis
1034 1883 1224 1966 sempiterni
1244 1884 1342 1946 simul
1363 1890 1397 1946 et

118 2003 196 2064 fluxi
206 2004 392 2086 symbolum
403 2003 481 2065 sint.
510 2005 651 2095 Mochus
663 2011 773 2066 autem
783 2011 860 2087 post
869 2005 1025 2065 Ulomum
1042 2003 1143 2066 alium
1158 2002 1274 2065 inserit
1287 2003 1395 2080 deum,

119 2144 215 2203 quem
235 2143 341 2205 neque
363 2144 437 2185 cum
458 2125 570 2186 Aeone
592 2145 697 2205 neque
719 2145 794 2186 cum
813 2124 1003 2206 Protogono
1026 2123 1280 2205 comparandum
1302 2127 1394 2206 puto.

118 2241 273 2304 Ulomum
290 2241 376 2305 enim
392 2241 473 2305 dicit
489 2246 629 2326 primum
644 2242 798 2324 genuisse
812 2250 960 2329 Χουσωρὸν
975 2250 1077 2327 ἀνοιγέα
1094 2249 1128 2304 et
1141 2241 1259 2304 deinde
1275 2242 1395 2304 Ovum.

123 2360 261 2423 Videtur
275 2360 378 2444 igitur
394 2361 574 2424 secundum
595 2364 681 2424 hano
700 2361 894 2424 relationem
911 2362 1019 2423 Ovum
1041 2361 1242 2423 mundanum
1261 2383 1327 2422 non
1348 2359 1396 2422 in-

120 2480 268 2543 cubando
287 2486 321 2543 et
337 2481 477 2544 fovendo
500 2481 685 2558 exclusum,
710 2480 769 2543 sed
790 2480 959 2563 cujusdam
980 2479 1148 2543 daemonis
1169 2479 1295 2543 artibus
1316 2478 1397 2542 divi-

119 2622 192 2661 sum
208 2601 309 2662 esse.³
343 2599 380 2662 ld
400 2600 486 2682 quod
507 2599 612 2682 magis
629 2599 872 2683 Aegyptiorum
892 2622 990 2681 quam
1005 2599 1208 2662 Phoenicum
1228 2597 1397 2680 opiniones

119 2719 257 2781 redolet.
273 2718 451 2803 ‚Aegyptii
468 2719 552 2782 enim
569 2742 635 2782 non
650 2718 737 2782 sicut
751 2717 934 2781 Phoenices
950 2719 1107 2781 mundum
1125 2724 1319 2800 generatum
1340 2717 1398 2779 sed

119 2837 228 2920 potius
251 2838 412 2921 demiurgi
433 2840 583 2903 manibus
605 2838 731 2901 factum
753 2843 787 2900 et
812 2838 1020 2919 exsculptum
1045 2838 1241 2901 ducebant*
1279 2837 1396 2918 Neque

119 2981 166 2985 ..—
196 2980 313 2985 -...—..-
324 2980 431 2986 --.--.
435 2980 544 2987 ,φῇ-,-

188 3042 196 3071 ¹
215 3045 280 3094 Puto
299 3046 378 3108 igitur
394 3044 444 3094 hoc
463 3053 570 3094 stemma
587 3046 689 3109 proprie
708 3044 774 3094 hanc
792 3043 913 3093 habuisse
931 3042 1053 3092 formam:

332 3132 427 3194 Kolpia
445 3140 534 3181 ventus
876 3130 949 3179 Baau
968 3123 1047 3193 (enh)

333 3217 370 3281 [h.
390 3233 412 3266 e.
432 3222 532 3285 πνεῦμα
552 3217 681 3266 Sanchnn.
872 3216 935 3280 [νύξ,
955 3216 1028 3287 χάος,
1049 3216 1108 3288 ἀήρ,
1128 3213 1239 3287 ὀμίχλη]

332 3311 357 3350 et
375 3298 467 3370 ἄνεμος
484 3301 583 3367 Mochi]

374 3371 982 3452 ..ηπ-..α

503 3487 629 3554 [111οωοῆ
650 3484 725 3548 Mor,
745 3486 851 3561 Χρόνος]

620 3693 726 3759 [Ovum]

603 3900 763 3964 Protogonus

647 3984 709 4050 [sol]

186 4071 341 4126 'Sanctum
357 4095 386 4142 p.
407 4079 448 4126 38.

186 4155 300 4208 ³Etiam
318 4161 504 4225 Aegyptiorum
527 4158 702 4226 Hephaestum
727 4157 812 4226 (th)
837 4158 904 4210 Solis
930 4161 991 4225 (Ra)
1016 4163 1194 4225 genitorem
1218 4164 1319 4226 proprie
1343 4178 1395 4212 non

118 4245 210 4304 fuisse,
235 4245 345 4294 affirmat
366 4247 512 4311 Lepsius‚
549 4248 629 4296 Ueber
653 4249 700 4296 den
722 4253 805 4297 ersten
828 4250 1012 4313 Aegypt-iceles
1040 4250 1200 4298 Gttrerlcreis
1224 4249 1301 4313 (Aba.
1321 4251 1346 4299 d.
1366 4251 1392 4300 lc.

118 4331 204 4379 Alcad.
225 4332 251 4380 d.
277 4331 316 4381 W.
335 4349 365 4381 zu
382 4334 475 4382 Berlin
495 4335 581 4397 1851),
597 4351 626 4397 p.
650 4338 705 4392 190,
728 4337 784 4381 196.

185 4413 345 4479 ⁴Pcrpauca
374 4420 405 4467 de
435 4418 619 4483 Aegyptiorum
647 4419 786 4482 theogonia
815 4427 841 4468 et
870 4420 1036 4483 cosmcgonis
1064 4420 1168 4484 cognita
1196 4421 1319 4471 habemus
1348 4423 1392 4484 (cs.
