3038 4988
748 247 789 308 43

117 449 162 513 tis
179 472 198 515 a
213 448 298 514 falso
315 448 513 527 Aristotele,
537 449 735 533 Porphyrio,
760 450 904 512 Stobaeo
921 449 1099 512 asservatis
1116 448 1326 532 conspicuam
1342 471 1408 514 non

116 567 292 632 convenire
309 590 383 631 eum
400 589 545 631 summae
567 568 776 650 antiquitatis
794 568 1044 632 consuetudine.
1091 570 1139 631 At
1155 567 1264 631 sinon
1283 590 1406 645 omneS,

117 689 177 752 sed
201 687 224 751 ii
247 695 380 750 tantum
403 686 492 750 illius
517 686 552 750 in
573 689 691 751 Jovem
712 687 909 770 doxologiae
933 710 1062 765 versus,
1090 709 1171 770 quos
1197 709 1237 750 ex
1262 687 1345 750 libro
1367 687 1407 750 de

117 808 244 871 Mundo
262 830 359 890 supra
376 805 543 890 exscripsi,
566 806 658 889 digni
674 807 869 895 habeantur,
893 805 949 889 qui
964 806 1068 870 veteri
1084 806 1295 889 Theogoniae
1311 806 1407 870 resti·

115 933 268 1004 tuantur,
291 927 326 990 in
340 926 380 989 iis
396 925 479 990 nihil
495 925 642 1004 invenio,
665 926 752 1009 quod
773 949 792 989 a
806 925 1091 989 Pisistratidarum
1105 925 1311 1009 temporibus
1328 925 1406 988 alie-

115 1069 194 1109 nnrn
216 1045 271 1109 sit.
317 1045 437 1129 Majori
457 1045 543 1109 enim
566 1045 707 1109 fortasse
730 1045 810 1109 mihi
834 1044 1008 1108 offensioni
1030 1051 1133 1122 esset,
1160 1044 1187 1107 si
1211 1044 1258 1109 ibi
1277 1045 1407 1128 Jupiter

116 1165 240 1248 Apollo
260 1165 314 1228 vel
334 1167 419 1229 Juno
441 1165 680 1248 appellaretur,
704 1186 778 1227 curn
799 1163 960 1248 ejusmodi
979 1163 1185 1228 theocrasiae
1207 1164 1403 1249 exemplum,

116 1308 181 1368 qua
208 1284 353 1367 ipsorum
382 1285 517 1348 deornm
542 1283 792 1368 Olympicorum
821 1283 953 1346 nomina
985 1282 1245 1362 confundantur,
1277 1285 1405 1347 nullum

114 1404 273 1482 noverim,
292 1405 379 1486 quod
395 1405 437 1468 ad
452 1404 528 1467 illos
545 1403 753 1486 antiquitatis
769 1424 918 1467 recessus
933 1423 1099 1486 reserpere
1117 1402 1277 1466 videatur.
1292 1405 1301 1436 ¹
1339 1403 1405 1466 Sed

113 1530 290 1607 postquam
310 1523 373 1587 iam
394 1523 470 1586 inde
492 1524 533 1587 ab
555 1523 698 1586 Homero
722 1522 840 1586 Graeci
861 1521 895 1584 in
916 1524 1032 1585 Jovem
1054 1543 1183 1585 omnem
1204 1521 1404 1604 reliquorum

113 1643 251 1706 deorum
269 1650 471 1726 potestatem
494 1649 528 1706 et
543 1644 684 1705 honores
701 1640 848 1704 conferre
869 1663 972 1724 eoque
988 1642 1085 1704 modo
1102 1663 1168 1704 non
1182 1641 1289 1704 minus
1306 1663 1403 1724 quam

114 1762 387 1846 philosophorum
417 1761 704 1845 disquisitionibus
733 1761 774 1823 ad
804 1760 974 1844 cujusdam
1006 1760 1240 1824 monotheismi
1268 1759 1403 1844 fastigia

114 1881 197 1945 eniti
213 1889 468 1959 consueverunt,
493 1881 571 1964 quid
588 1880 721 1958 mirum,
745 1879 772 1942 si
792 1887 891 1963 poeta
907 1879 1170 1957 Anaximandro,
1192 1879 1401 1962 Xenophani‚

112 2003 325 2085 Pythagorae
350 2001 496 2084 aequalis
516 2002 632 2063 Jovem
654 2020 765 2062 omnes
790 1999 823 2062 in
845 2021 879 2062 se
900 2021 1007 2063 rerum
1033 2000 1197 2063 elementa
1221 2022 1259 2062 ac
1279 1998 1401 2062 formas

113 2121 390 2204 comprehendere
415 2119 596 2203 splendidis
622 2119 688 2182 illis
714 2118 864 2182 versibus
884 2127 952 2193 Ζεὺς
974 2135 1080 2204 πρῶτος
1102 2128 1190 2204 γένετο
1211 2132 1267 2187 κτλ.
1293 2118 1400 2182 dicere

113 2261 207 2303 orsus
232 2241 303 2304 est?
348 2240 528 2322 Equidem,
555 2239 644 2322 quod
668 2239 708 2301 ad
733 2238 836 2320 ipsam
862 2260 929 2301 rem
956 2237 1091 2315 attinet,
1123 2260 1188 2301 non
1212 2237 1401 2321 negaverim

187 2530 585 2582 11101100111110111014101οοί4
605 2532 680 2597 (Αρῑ.
695 2549 726 2597 p.
746 2535 803 2592 440,
824 2535 969 2591 460-465,
990 2536 1038 2579 614
1058 2532 1117 2582 coll.
1133 2549 1164 2597 p.
1184 2535 1242 2594 491,
1263 2535 1320 2592 536,
1342 2536 1399 2591 543,

117 2623 176 2679 545,
197 2619 258 2682 563)
278 2634 383 2682 operam
401 2621 452 2678 dat,
477 2627 506 2668 ut
523 2619 611 2682 aliqua
628 2617 787 2667 theocrasiae
808 2616 863 2678 jam
882 2617 985 2665 saeculo
1004 2625 1077 2665 sexto
1095 2616 1226 2681 gliscentis
1245 2616 1340 2665 indicia
1358 2617 1401 2665 dc-

114 2705 265 2768 prehendat.
301 2703 375 2765 Quae
393 2712 479 2754 autem
496 2705 601 2768 profert,
626 2719 684 2753 rara
702 2711 761 2753 suut
783 2711 859 2766 atque
878 2702 1000 2751 sublesta.
1036 2702 1150 2751 Primum
1169 2703 1343 2752 enimomnes
1362 2717 1400 2752 re·

116 2791 239 2853 pudiandi
266 2797 326 2840 sunt
351 2792 410 2853 loci,
439 2791 532 2854 quibus
557 2789 650 2840 Graeci
677 2805 738 2839 suos
765 2790 880 2852 ipsorum
907 2789 969 2838 deos
996 2803 1054 2837 cum
1081 2797 1244 2836 externarum
1267 2788 1400 2836 nationum

115 2875 263 2924 numinibus
286 2876 363 2925 veluti
381 2875 498 2924 Artemiu
523 2891 581 2924 cum
599 2876 716 2925 Bendide
740 2890 787 2924 nec
810 2890 861 2924 non
881 2873 1002 2923 Cererem
1023 2888 1081 2922 cum
1100 2873 1172 2922 Rhea
1197 2873 1242 2936 (cf.
1262 2872 1401 2931 Preller,

119 2965 223 3012 Griect.
243 2964 326 3030 Myra.
345 2965 368 3022 I,
389 2962 449 3025 512)
477 2963 653 3026 composuisse
676 2963 818 3011 traduntur.
855 2960 971 3022 Quorum
999 2974 1065 3008 nnus
1092 2959 1192 3008 videtur
1214 2958 1344 3008 Plutarchi
1370 2959 1401 3006 de

115 3047 285 3112 Theopompo
309 3049 399 3098 relatio
423 3051 464 3098 De
488 3050 525 3099 Is.
550 3050 659 3099 LXIX:
683 3045 740 3103 τοὺς
764 3046 825 3118 πρὸς
850 3045 957 3116 ἑσπέραν
979 3045 1110 3101 οἰκοῦντας
1141 3043 1234 3114 ἱστορεῖ
1253 3039 1417 3110 Θεόπομπος,

115 3129 236 3202 ἡγεῖσθαι
264 3133 309 3184 καὶ
332 3133 424 3186 καλεῖν
446 3133 490 3185 τὸν
513 3133 561 3201 μὲν
583 3141 700 3205 χειμῶνα
725 3129 831 3203 Κρόνον,
856 3131 886 3183 τὸ
910 3130 938 3183 δὲ
962 3128 1037 3201 θέρος
1059 3125 1223 3201 Ἀφροδίτην,
1247 3127 1276 3179 τὸ
1302 3127 1331 3179 δὲ
1356 3126 1401 3198 ἔαρ

117 3214 294 3289 Περσεφόνην,
319 3221 361 3269 cui
383 3235 502 3284 magnam
524 3221 556 3268 ad
580 3234 652 3268 snam
675 3219 828 3269 sententiam
852 3217 1069 3280 comprobandam
1091 3217 1142 3264 vim
1164 3216 1249 3264 inesse
1272 3214 1319 3263 sibi
1338 3215 1401 3263 Lo·

115 3305 246 3354 beckins
264 3307 401 3368 persuadet
418 3306 481 3370 Apl.
497 3323 527 3370 p.
547 3309 596 3353 462
610 3323 647 3370 sp.
684 3304 786 3352 Deinde
805 3305 881 3352 ctiam
898 3302 1110 3366 philosophorum
1129 3301 1221 3361 studia,
1247 3301 1290 3363 qui
1307 3300 1367 3348 inde
1386 3315 1401 3348 a

115 3391 264 3440 Metrodoro
284 3390 329 3455 (cf.
348 3392 581 3457 1194611646.)
601 3390 754 3452 allegoricae
772 3389 988 3452 interpretationis
1008 3388 1104 3437 artibus
1123 3388 1228 3436 deorum
1246 3387 1351 3434 nomina
1369 3387 1400 3434 ad

114 3485 222 3526 naturae
240 3477 366 3526 elementa
383 3490 503 3525 revocare
526 3489 606 3538 eaque
631 3475 796 3523 commiscere
820 3475 905 3523 conati
924 3480 990 3535 sunt,
1015 3487 1066 3521 non
1090 3479 1149 3521 sunt
1169 3472 1219 3520 huc
1237 3472 1399 3520 arcessenda.

114 3560 145 3610 Id
164 3562 232 3610 enim
250 3576 318 3610 nunc
342 3563 435 3625 agitur,
461 3576 522 3609 num
544 3560 706 3624 popularium
730 3560 865 3608 duodecim
884 3561 989 3608 deorum
1013 3560 1118 3607 nomina
1135 3559 1186 3607 iam
1205 3557 1308 3606 saeculo
1327 3566 1400 3606 sexto

115 3661 131 3695 a
152 3648 236 3710 poetis
260 3653 415 3696 commutata
437 3655 462 3694 et
486 3644 594 3694 confusa
616 3646 673 3694 sint.
711 3645 825 3693 Primum
850 3644 975 3707 ejusmodi
1000 3659 1051 3693 uon
1076 3644 1134 3693 dico
1156 3643 1328 3703 theocrasiae,
1356 3644 1399 3691 sed

114 3733 337 3782 onomatocrasiae
356 3732 501 3794 exemplum
518 3732 632 3781 Platonis
651 3732 720 3793 quod
739 3731 819 3780 sciam
837 3730 910 3779 locus
928 3737 967 3778 est
986 3731 1057 3780 Crat.
1073 3747 1103 3794 p.
1124 3734 1173 3778 405
1186 3719 1222 3788 D,
1240 3728 1283 3777 ubi
1302 3729 1400 3792 Apolli·

115 3832 175 3865 nem
193 3831 252 3866 cnm
271 3815 331 3866 Sole
350 3833 366 3866 a
383 3817 512 3866 nonnullis
535 3823 707 3880 permutatum
730 3831 786 3865 esse
810 3816 909 3865 videtur
933 3814 1079 3878 significari.
1116 3813 1278 3877 Quamquam
1297 3829 1345 3878 ego
1363 3813 1398 3862 ibi

114 3903 197 3966 magis
219 3903 246 3950 in
265 3904 335 3952 sidus
359 3917 435 3967 quam
453 3904 480 3951 in
504 3904 580 3952 deum
600 3901 686 3952 Solem
709 3902 861 3951 allusionem
879 3901 962 3950 inesse
982 3901 1106 3963 suspicor.
1143 3900 1233 3963 Itaque
1252 3914 1348 3961 vereor,
1368 3914 1399 3948 nc

114 3998 191 4038 notus
209 3990 252 4038 ille
271 4003 357 4038 versus
377 3987 503 4052 Orphicus

400 4071 437 4130 εἷς
455 4071 529 4134 Ζεὺς,
550 4071 587 4130 εἷς
604 4068 704 4143 Ἀΐδης,
725 4070 762 4130 εἷς
773 4066 873 4130 Ἥλιος,
895 4068 932 4127 εἷς
950 4065 1074 4130 Διόνυσος,
1370 4118 1372 4123 ,

114 4160 189 4221 cujus
211 4160 293 4224 prima
314 4160 412 4209 mentio
435 4160 462 4208 et
480 4175 495 4208 a
512 4160 616 4210 Justino
637 4161 710 4225 (Apl.
727 4177 756 4225 p.
777 4165 827 4207 446
846 4165 871 4206 ct
888 4163 938 4206 460
950 4157 1010 4222 ορ),
1038 4160 1098 4208 etii
1117 4159 1320 4222 Rhapsodiarum
1338 4158 1398 4217 loci,

115 4245 208 4308 quibus
233 4260 285 4294 non
308 4245 390 4294 solnm
415 4243 537 4307 „Cereris
561 4260 654 4295 nomen
678 4260 736 4294 cum
753 4244 833 4305 Rhea,
861 4244 905 4292 sed
929 4244 1006 4292 etiam
1025 4244 1137 4293 Hecatae
1160 4259 1218 4291 cum
1236 4243 1397 4306 Proserpina,

115 4331 225 4394 Dionysi
244 4345 302 4379 curn
322 4329 382 4380 Sole
402 4332 622 4381 communicetur“
642 4332 717 4398 (14ρί.
729 4349 758 4396 ρ.
774 4329 845 4394 614),
865 4331 971 4394 abipso
990 4329 1103 4393 Orpheo,
1122 4337 1198 4393 poeta
1216 4330 1397 4389 vetustissimo,

116 4431 168 4465 non
187 4417 221 4465 sit
238 4417 407 4480 conscriptus.
