3038 4988
739 209 778 268 25

117 427 192 475 cum
214 433 252 474 eo
274 415 378 495 paene
401 412 652 488 commutatur,¹
676 411 716 473 ab
738 410 809 494 ipso
831 409 926 473 initio
948 410 1059 494 posita
1079 410 1242 475 videatur.
1269 451 1301 460 -
1328 414 1402 477 Jam

116 520 432 614 sequitur'Phanes.
477 529 528 592 De
553 551 617 612 quo
647 551 721 592 cum
744 529 809 592 iam
838 536 936 593 antea
963 530 1102 594 dixerim
1126 539 1160 593 et
1183 530 1268 594 infra
1297 532 1401 595 fusius

75 671 77 674 ⁴
115 650 353 713 dissertaturos
370 648 442 726 sim,
466 649 582 711 statim
596 670 648 711 me
670 648 783 711 adeas
804 655 915 731 partes
932 657 1134 727 convertam,
1159 672 1241 733 quae
1256 652 1402 715 Noctem

115 770 374 852 subsequuntur.

201 889 242 951 In
267 887 318 951 his
343 887 446 972 igitur
467 911 534 951 non
557 910 630 952 rara
650 887 794 971 vestigia
817 887 1030 950 inveniuntur
1055 887 1262 971 cognationis
1288 888 1401 951 simili-

114 1007 306 1090 tudinisque
328 1008 415 1071 iuter
429 1007 532 1071 libros
555 1008 728 1071 aPlatone
750 1013 784 1069 et
798 1007 940 1070 Proculo
960 1008 1079 1070 lectos.
1119 1007 1251 1070 Etenim
1272 1015 1402 1092 praeter

114 1127 210 1190 illum
232 1129 398 1190 Phorcum
416 1125 569 1190 Titanem
589 1134 624 1190 et
639 1127 782 1189 Noctem
804 1126 966 1189 ambobus
989 1126 1190 1210 singularem
1211 1126 1245 1190 in
1266 1128 1401 1190 modum

115 1267 306 1310 communes
323 1245 424 1328 etiam
444 1252 518 1309 tota
533 1246 730 1328 genealogia
751 1268 770 1308 a
784 1223 894 1308 Nocte
910 1267 1014 1328 usque
1036 1245 1078 1308 ad
1092 1247 1113 1307 J
1115 1245 1185 1309 ovis
1205 1246 1327 1310 liberos
1344 1248 1399 1310 de-

117 1366 217 1428 ducta
237 1386 340 1449 paene
364 1365 514 1428 omnibus
530 1364 673 1428 numeris
696 1363 861 1447 congruit.
898 1365 1033 1428 Mutata
1054 1366 1186 1428 suntin
1201 1365 1399 1449 Rhapsodiis
1500 1356 1514 1360 ⁸

90 1506 93 1517 ¹
118 1485 284 1562 nonnulla,
309 1506 391 1567 quae
408 1484 450 1547 ad
467 1485 635 1548 Oceanum
651 1491 686 1546 et
701 1484 834 1566 Tethyn
854 1483 1076 1566 pertinebant.
1114 1486 1237 1547 Eorum
1259 1483 1344 1547 enim
1366 1483 1401 1546 in

117 1603 333 1687 veterelibro
356 1603 554 1686 peculiarem
578 1603 765 1687 dynastiam
786 1601 899 1680 fuisse,
922 1603 986 1666 iam
1007 1627 1105 1687 supra
1126 1603 1314 1687 expositum
1336 1610 1397 1666 est.

116 1723 192 1786 Oua
216 1723 256 1786 de
281 1745 381 1786 causa
403 1729 521 1806 postea
545 1721 720 1799 exciderit,
747 1743 825 1785 sane
850 1729 1003 1786 accurate
1028 1723 1136 1786 dicere
1160 1744 1228 1785 non
1251 1744 1398 1807 possum.

114 1839 181 1903 Sed
203 1841 281 1923 quid
303 1842 454 1905 adrem?
485 1841 596 1904 Etiam
616 1840 650 1919 ii,
677 1840 732 1923 qui
754 1863 826 1904 cum
843 1841 1013 1905 Lobeckio
1034 1841 1241 1924 Rhapsodias
1266 1863 1400 1923 prorsus

76 1950 79 1955 ¹
113 1982 181 2023 non
211 1960 395 2046 discrepare
426 1983 502 2024 cum
531 1968 642 2023 vetere
672 1961 864 2042 Theogonis
894 1967 1063 2039 statuunt,
1099 1960 1154 2022 vix
1183 1959 1402 2044 probabiliter

114 2079 279 2162 explicare
302 2086 475 2164 poterunt,
508 2079 671 2163 quomodo
695 2078 730 2142 id
758 2078 883 2143 factum
908 2079 967 2159 sit,
1000 2080 1064 2143 nisi
1089 2087 1204 2143 contra
1227 2078 1400 2162 perspicua

114 2198 264 2262 Platonis
275 2199 393 2262 verba²
412 2199 581 2262 Oceanum
591 2201 714 2262 honore
725 2205 759 2261 et
768 2199 955 2283 principatu
965 2199 1092 2283 privare
1108 2198 1257 2262 conaturi
1267 2197 1346 2259 sint.
1363 2235 1394 2244 —

112 2317 244 2381 Deinde
261 2339 344 2400 quae
360 2318 402 2381 ad
417 2318 566 2381 fabulam
586 2317 627 2381 de
642 2317 812 2380 Minervae
829 2325 904 2381 ortu
921 2325 1085 2401 spectant,
1108 2318 1227 2402 partim
1244 2317 1285 2380 ab
1301 2319 1399 2398 rhap-

114 2435 247 2500 sodicae
258 2437 469 2519 Theogoniae
485 2444 619 2500 auctore
635 2443 764 2500 mutata
773 2410 893 2521 partim
909 2437 1040 2520 integra
1050 2445 1084 2501 et
1095 2437 1222 2500 sincera
1238 2435 1399 2499 duxerim.
1442 2422 1445 2427 ’

114 2555 223 2618 Metin
233 2556 331 2633 enim,
343 2556 511 2620 Minervae
523 2563 673 2634 matrem,
692 2556 835 2619 etiamin
851 2563 963 2619 vetere
976 2556 1118 2620 carmine
1134 2541 1400 2641 praetermissam
1496 2622 1498 2627 ,

115 2676 206 2737 esse³
224 2682 396 2759 propterea
417 2675 498 2739 mihi
514 2675 671 2739 credibile
687 2698 752 2738 non
770 2680 831 2752 est,
855 2676 942 2758 quod
960 2675 1111 2760 Orpheus
1128 2675 1311 2738 Minervam
1333 2695 1400 2736 non

89 2839 92 2843 -
114 2814 155 2856 ex
172 2794 305 2857 Oceano
321 2794 376 2857 vel
390 2795 557 2876 rivusculo
575 2795 716 2877 quodam
733 2796 870 2871 ortam,⁴
896 2795 955 2890 sed
971 2795 1012 2858 ab
1028 2795 1099 2877 ipso
1116 2796 1199 2857 Jove
1214 2800 1308 2876 patre
1325 2814 1399 2875 pro·

115 2918 258 2976 creatam
275 2912 426 2976 similiter
442 2921 541 2997 atque
552 2913 727 2992 Hesiodus,
746 2913 955 2977 Stesichorus
966 2914 1086 2996 aliique
1096 2913 1228 2976 videtur
1237 2911 1400 2975 finxisse!

114 3032 211 3096 Quod
229 3031 257 3094 si
276 3031 324 3095 ita
340 3038 402 3111 est,
425 3032 574 3115 profecto
592 3033 672 3095 mire
694 3032 828 3095 fecisset
844 3039 940 3095 vetus
957 3040 1061 3110 vates,
1086 3032 1113 3094 si
1129 3032 1261 3095 fabulae
1283 3052 1399 3093 secun·

113 3150 190 3213 dam
204 3159 334 3234 partem
348 3151 560 3229 narravisset,
577 3151 717 3236 primam
733 3158 854 3230 autem,
873 3173 956 3234 quae
973 3159 1025 3215 est
1041 3153 1081 3215 de
1097 3150 1234 3214 Metidis
1251 3148 1399 3233 cataposi

113 3290 262 3353 quaeque
284 3270 499 3352 sequentibus
521 3271 615 3354 quasi
636 3271 851 3334 fundamento
874 3278 975 3334 estet
992 3269 1221 3354 explicationi,
1244 3269 1313 3332 sine
1329 3269 1399 3331 ulla

112 3388 241 3452 ratione
265 3389 465 3453 reticuisset.
511 3390 646 3454 Etenim
670 3412 752 3473 quae
778 3413 875 3453 causa
899 3388 963 3452 fuit
984 3389 1247 3474 Rhapsodiarum
1272 3385 1399 3450 auctori

114 3507 184 3570 eius
208 3506 340 3571 fabulae
356 3508 559 3572 mutilandae
580 3549 611 3557 -
631 3509 707 3592 quia
726 3509 883 3573 videlicet
906 3516 983 3592 post
1006 3509 1146 3593 primam
1161 3506 1298 3570 Metidis
1316 3509 1348 3568 h.
1367 3527 1395 3569 e.

113 3627 272 3689 Phanetis
289 3628 615 3711 cataposin·alteram
631 3628 750 3691 addere
766 3629 820 3692 vix
841 3628 953 3713 potuit
973 3667 1005 3676 —
1026 3629 1140 3691 eadem
1155 3649 1221 3689 non
1238 3631 1308 3689 erat
1324 3648 1397 3708 ger-

183 3847 274 3916 ¹A9l.
295 3869 326 3917 p.
352 3856 411 3901 474.
432 3879 461 3888 -
482 3853 503 3900 E
529 3853 657 3902 contrario
682 3853 762 3901 falsus
780 3852 928 3901 Alexander
945 3852 1061 3916 Aphrod.
1085 3866 1137 3899 non
1160 3857 1294 3899 cunctatur
1321 3849 1399 3897 verbs

111 3935 261 3985 Aristotelis
280 3935 304 3986 ol
321 3933 438 4006 θεολόγοι
456 3937 480 3988 οἱ
498 3937 528 3988 ἐκ
545 3937 635 3994 νυκτὸς
652 3946 788 4007 γεννῶντες
806 3938 882 4001 (Met.
901 3940 968 3997 XII,
982 3945 996 3986 6
1012 3935 1213 4003 1110711127)
1233 3935 1264 3984 de
1283 3935 1399 3983 Hesiodo

112 4021 267 4083 intelligere,
288 4022 332 4084 qui
346 4020 432 4071 Chaos
451 4024 604 4086 principium
621 4023 712 4072 reddat
730 4023 827 4088 (Sobel.
841 4027 868 4073 in
880 4026 964 4074 Arist.
975 4041 1005 4088 p.
1020 4027 1143 4072 8031135
1162 4020 1196 4070 cf.
1205 4040 1235 4087 p.
1251 4023 1299 4070 772
1312 4037 1329 4068 a
1341 4018 1396 4081 N).

181 4102 192 4134 ²
212 4107 276 4156 can.
296 4109 315 4156 l.
336 4125 358 4157 c.
376 4135 411 4144 ·-

181 4187 192 4218 ³
208 4191 249 4240 Ita
266 4191 449 4241 Lobeckius
467 4195 529 4257 Aql.
546 4211 576 4258 p,
597 4197 654 4241 537.

181 4273 192 4304 ⁴
210 4275 251 4325 cf.
270 4263 415 4336 Prellcr,
438 4281 598 4329 Griechiaclae
616 4280 781 4344 Mytholoyie,
800 4284 826 4330 2.
845 4282 917 4346 Aafl.
938 4280 1043 4343 (Berlin
1063 4279 1139 4340 1861)
1159 4279 1183 4335 Ι,
1204 4280 1250 4346 147
1264 4292 1301 4340 sq.

181 4358 192 4388 ⁶
209 4363 287 4412 Plura
305 4364 336 4411 dc
354 4363 402 4412 hac
421 4377 448 4412 re
465 4362 532 4412 infra
550 4365 713 4427 appositurus
732 4379 796 4413 sum.
