3038 4988
706 228 813 318 β51

146 423 334 508 intelligere
351 424 527 507 potuerit.²
555 426 614 489 Sin
630 448 668 489 ea
684 427 819 510 scripta,
838 449 920 510 quae
937 427 1138 490 Aristoteles
1155 436 1307 514 καλούμενα
1322 437 1432 506 vocat,

146 543 212 606 iam
227 544 334 607 medio
352 551 446 607 sexto
463 545 595 608 saeculo
612 544 788 609 tribuenda
805 553 898 623 sunt,
921 545 976 608 vix
993 546 1055 609 erit
1070 546 1332 630 impediendum,
1354 570 1434 630 quo·

146 663 253 726 minus
276 663 469 746 Theogonis
490 671 603 727 nostra
625 669 834 752 ,,παμπαλαία“
857 666 898 728 ad
920 664 1057 728 Homeri
1079 666 1132 727 vel
1153 666 1291 729 Hesiodi
1314 648 1434 730 saltem

145 789 295 866 tempora
310 783 455 845 recedat.
488 782 587 846 Ouod
603 783 631 844 si
646 783 693 845 ita
710 791 777 861 est,
802 784 1034 847 Onomacritus
1052 785 1121 867 ejus
1138 792 1254 849 auctor
1275 807 1346 849 esse
1368 807 1433 848 non

146 907 269 984 potest.
296 901 353 964 Sin
369 904 432 964 hoc
450 903 660 980 concedatur,
675 903 831 985 Zagreus,
847 925 943 985 quem
960 925 1122 966 consensu
1136 903 1280 977 omnium
1295 903 1433 988 scripto·

146 1041 217 1086 rum
234 1020 374 1102 primum
391 1021 431 1083 ab
450 1020 664 1084 Onomacrito
682 1031 757 1091 ἔπεσι
774 1022 976 1084 celebratum
994 1044 1064 1085 esse
1082 1029 1229 1100 constet,
1252 1024 1382 1087 nullum
1401 1023 1434 1086 in

146 1145 256 1201 vetere
274 1146 308 1202 et
324 1139 451 1202 sincera
468 1140 614 1222 Orphica
629 1140 822 1223 Theogonia
838 1141 945 1202 locum
967 1141 1087 1204 tenuit.

232 1258 293 1320 His
315 1257 418 1341 igitur
434 1259 586 1323 omnibus
609 1259 762 1337 efficitur,
787 1260 956 1342 Orpheum
977 1284 1077 1323 uuum
1101 1268 1233 1324 tantum
1249 1262 1433 1345 Dionysum

146 1376 275 1440 scilicet
291 1377 496 1456 Thebanum,
515 1379 664 1455 Semelae
682 1378 797 1455 filium,
815 1378 849 1441 iu
866 1380 1058 1462 Theogonis
1075 1402 1359 1458 commemorasse,
1378 1380 1434 1463 qui

145 1495 209 1558 iam
232 1497 375 1561 Homero
400 1500 489 1562 haud
510 1498 700 1581 incognitus
722 1497 834 1560 fuerit.
875 1499 973 1562 Alter
994 1500 1194 1582 Dionysus*
1218 1498 1433 1582 Proserpinae

145 1616 244 1693 filius,
269 1638 309 1679 ex
326 1617 531 1681 Onomacriti
546 1627 674 1692 Τελεταῖς
695 1619 746 1680 vel
772 1640 811 1681 ex
828 1618 1021 1700 Hieronymi
1036 1619 1248 1701 Γ111ος0111113
1272 1619 1304 1681 in
1321 1620 1432 1701 Rhap-

146 1734 254 1797 sodias
279 1743 431 1818 receptus
456 1736 588 1801 videtur
612 1739 652 1800 ab
680 1737 796 1800 eodem
820 1737 996 1820 scriptore,
1029 1739 1084 1819 qui
1109 1745 1239 1820 praeter
1268 1737 1434 1819 duplicem

145 1853 331 1937 Dionysum
345 1855 379 1918 in
395 1879 459 1918 uno
477 1864 511 1920 et
527 1858 641 1920 eodem
659 1856 801 1919 carmine
824 1856 948 1939 fingere
964 1879 1030 1919 non
1048 1857 1251 1921 dubitaverit
1268 1857 1434 1939 duplicem

145 1973 338 2052 Venerem*
361 1976 526 2058 duplicem
544 1977 737 2052 Phorcum‚⁶
761 1958 884 2059 duplex
900 1998 1004 2058 genus
1025 1976 1245 2052 Gratiarum‚⁶
1267 1975 1433 2059 triplicem

146 2092 285 2175 denique
302 2095 477 2157 Noctem.l
510 2096 593 2157 Cum
610 2095 696 2157 euim
712 2095 787 2158 inde
805 2097 845 2157 ab
863 2094 1068 2158 Onomaoriti
1083 2096 1288 2177 temporibus
1307 2094 1432 2177 Orphei

145 2234 265 2276 nomen
287 2214 392 2296 magis
415 2214 584 2297 magisque
607 2236 682 2276 cum
703 2213 869 2297 mysteriis
886 2213 1048 2290 Bacticis,
1073 2213 1130 2277 ubi
1145 2214 1260 2297 Zagrei
1282 2223 1434 2301 παθήματα

147 2332 409 2410 celebrabantur,
434 2340 686 2396 connecteretur
705 2340 739 2396 et
760 2333 831 2417 ipsa
854 2355 946 2396 sacra
962 2334 1107 2417 Orphica
1129 2334 1169 2397 ad
1191 2337 1279 2397 hunc
1300 2332 1433 2416 potissi·

146 2473 234 2513 mum
261 2453 358 2515 deum
383 2460 589 2537 spectarent,
617 2452 686 2514 fieri
710 2451 766 2514 vix
790 2453 914 2536 potuit,
943 2453 1020 2535 quin
1045 2455 1143 2515 homo
1169 2451 1309 2516 saeculis
1335 2457 1433 2515 natus

146 2570 379 2653 superstitione
410 2579 443 2635 et
467 2572 576 2655 magia
605 2571 750 2650 refertis,
782 2593 856 2635 cum
884 2572 1006 2635 veteris
1027 2571 1195 2654 'Orphicae
1221 2570 1432 2653 Theogoniae

146 2691 323 2753 mutandae
335 2690 508 2754 consilium
518 2691 671 2774 cepisset,
690 2713 763 2754 eum
775 2693 871 2755 deum
882 2691 1013 2754 silentio
1031 2691 1234 2776 praeteriret,
1254 2692 1347 2775 cujus
1364 2691 1433 2752 cul·

145 2816 200 2870 tus
223 2809 374 2874 omnibus
392 2809 555 2892 Orphicae
573 2809 741 2874 doctrinae
765 2811 1023 2874 assectatoribus
1040 2810 1180 2874 maxime
1199 2810 1289 2874 cordi
1313 2810 1432 2873 esset.⁸

216 3015 224 3045 ¹
242 3018 329 3067 Locus
346 3019 386 3066 De
399 3019 495 3067 Anima
510 3021 534 3079 I,
548 3024 561 3067 5
581 3019 613 3066 ad
628 3013 728 3069 Ouarnoi
741 3018 815 3082 (Ayl.
827 3036 856 3083 p.
873 3023 920 3067 755
935 3019 996 3083 ap),
1016 3018 1056 3065 De
1070 3016 1163 3066 Gcner.
1183 3019 1261 3066 anim.
1282 3019 1313 3066 ad
1327 3011 1433 3068 Δίκτυον

147 3104 221 3168 (Ayl.
238 3122 268 3169 p.
288 3104 350 3165 331)
369 3105 517 3153 referendus
536 3106 643 3155 videtur.

215 3185 309 3237 ²Novi
327 3189 455 3238 Platonici
480 3206 606 3253 nusquam
624 3192 759 3254 Zagrmm,
785 3192 829 3239 sed
854 3206 956 3253 semper
973 3191 1119 3254 Dionysum
1137 3192 1164 3239 in
1182 3205 1225 3240 ore
1244 3191 1339 3239 habent
1357 3190 1432 3254 (Ayl.

143 3292 172 3338 p.
194 3274 262 3338 549).
299 3275 389 3337 Itaque
409 3277 600 3338 suspicandum,
621 3277 646 3324 111
665 3276 820 3339 Rhapsodiis
841 3290 885 3324 eos
904 3277 968 3323 illud
987 3291 1079 3324 nornen
1098 3291 1150 3324 non
1168 3276 1271 3338 legisse.

215 3356 284 3409 ³cf.
307 3363 408 3421 1111111,
428 3381 449 3411 1.
474 3365 521 3412 Gr.
547 3363 660 3427 VIHp.
681 3366 745 3422 2513
766 3364 904 3425 Attenay„
925 3363 1015 3426 Sappl.
1037 3380 1060 3413 1.
1081 3366 1113 3408 20
1132 3369 1157 3409 ct
1176 3367 1207 3409 32
1228 3368 1337 3423 atquae
1356 3375 1435 3424 supra

147 3446 178 3494 de
196 3446 237 3494 his
255 3446 320 3494 locis
339 3448 460 3496 diximus.

215 3528 306 3596 *Apa
323 3550 352 3596 p.
374 3537 432 3579 542.

216 3612 307 3681 lapi.
324 3635 353 3681 p.
376 3622 433 3666 509.

215 3698 306 3767 ⁶Ayl.
322 3720 352 3766 p.
373 3707 432 3762 398,
453 3707 512 3761 538,
533 3707 591 3751 543.
628 3702 771 3751 Pausanias
789 3701 852 3766 (IX,
872 3701 916 3765 35)
936 3700 1078 3750 Hesiodum
1102 3702 1214 3750 referens
1237 3702 1263 3750 in
1281 3701 1435 3764 Theogonis

148 3785 249 3836 Gratias
269 3788 398 3851 appellare
417 3787 482 3835 filias
501 3787 574 3836 Jovis
594 3795 619 3835 et
637 3787 799 3849 Eurynomus
818 3788 900 3835 addit:
924 3784 993 3836 κατὰ
1014 3784 1096 3837 racia
1115 3785 1144 3836 δὲ
1163 3785 1190 3836 ἐν
1208 3783 1292 3837 ἔπεσίν
1311 3784 1363 3836 ἐστι
1380 3790 1434 3841 τοῖς

145 3865 339 3943 Ὀνομακρίτου.
376 3872 446 3920 Η111
466 3871 624 3920 Onomacriti
644 3868 694 3939 ἔπη
712 3871 899 3919 Lobeckius
921 3870 1100 3934 Theogoniam
1119 3870 1258 3935 Orphicum
1277 3887 1333 3920 esse
1352 3879 1432 3935 putat.

146 3957 272 4006 Proculus
296 3972 355 4006 vcro
375 3956 477 4005 Gratias
501 3957 641 4004 secundum
664 3953 795 4031 Orpheum
814 3955 923 4003 Vulcani
943 3963 968 4004 ct
986 3956 1094 4005 Veneris
1117 3957 1181 4006 filias
1206 3958 1311 4006 reddere
1335 3957 1435 4005 videtur

149 4043 222 4107 (Ayl.
239 4060 268 4107 p.
290 4041 359 4105 543).
397 4041 464 4090 Hinc
485 4042 529 4090 ille
553 4041 593 4089 vir
610 4040 774 4089 doctissimus
793 4041 946 4104 suspicatur,
971 4039 1103 4105 Orpheum
1122 4041 1268 4090 Gratiarum
1289 4056 1371 4104 genus
1389 4043 1436 4089 du·

146 4130 208 4194 plex
225 4130 367 4178 induxisse.
404 4129 531 4191 Equidem
556 4129 697 4191 simplicius
720 4129 795 4188 duco,
821 4129 843 4176 si
861 4129 887 4177 id
906 4129 974 4191 quod
999 4129 1051 4175 iam
1075 4141 1153 4189 supra
1170 4127 1432 4186 animadverterimus,

148 4213 308 4263 Onomacriti
333 4211 382 4283 ἔπη
409 4229 460 4262 non
478 4228 535 4262 1111
553 4213 731 4276 Theogoniam
750 4212 857 4276 Orphei,
877 4213 1020 4262 Pausaniae
1043 4213 1125 4261 verbis
1145 4213 1289 4261 confirmari
1308 4213 1433 4261 dicamus.

216 4298 307 4364 'Apa
323 4318 354 4365 p.
375 4305 433 4348 502.

216 4383 286 4434 ‘Gt
308 4384 472 4445 Gerhard‚
493 4385 512 4434 l.
533 4403 556 4434 c.
578 4385 612 4434 N.
633 4389 673 4433 53.
