3038 4988
723 225 764 285 la

105 430 240 493 deorum
265 433 299 491 et
323 426 512 490 mortalium
536 427 638 503 filios,
666 425 763 489 aliam
789 427 961 488 Musarum
984 425 1228 489 invocationem
1253 425 1384 509 quasie

104 547 267 612 contrario
283 545 404 630 posuit,
430 569 493 629 qua
508 545 574 608 iam
589 568 655 608 non
670 568 766 628 porro
782 545 875 629 pergi
891 544 1062 608 indicaret.
1100 546 1155 608 lta
1176 567 1236 608 nec
1252 546 1387 609 Platoni

103 690 207 731 novus
229 666 313 729 liber
336 665 500 747 Orphicus
523 663 738 727 vindicandus
760 686 821 727 nec
843 662 1021 747 quidquam
1043 665 1256 727 mutandum¹
1281 664 1387 727 estin

102 785 264 850 versiculo
281 783 357 847 isto.
450 776 455 787 ’

188 903 316 968 Deinde
333 902 361 965 si
375 909 501 966 rectum
520 909 581 980 est,
606 903 694 985 qnod
709 925 806 985 snpra
822 901 1016 980 invenimus,
1038 923 1105 964 non
1121 903 1262 965 multum
1278 903 1385 986 philo·

104 1022 238 1106 sophiae
255 1046 273 1085 a
288 1021 424 1104 profano
447 1022 548 1105 vulgo
566 1020 777 1084 absconditae
800 1020 833 1083 in
850 1020 975 1103 Orphei
990 1021 1182 1103 Theogonis
1202 1021 1384 1099 delituisse,

105 1143 168 1205 imo
194 1162 234 1205 ne
259 1147 392 1204 tantum
418 1140 548 1222 quidem
574 1147 734 1223 quantum
762 1140 795 1202 in
819 1139 984 1203 Hesiodeo
1011 1140 1102 1203 Chao
1127 1147 1226 1223 atque
1251 1141 1384 1217 Amore,

104 1262 204 1324 etiam
230 1267 353 1338 cetera,
382 1281 463 1343 quae
488 1283 506 1322 a
527 1260 668 1323 Platone
693 1260 733 1322 de
757 1259 889 1342 Orpheo
915 1259 1082 1337 discimus,
1110 1280 1184 1321 cum
1206 1258 1330 1322 Timaei
1355 1265 1389 1321 et

105 1379 233 1464 Oratyli
248 1379 330 1443 locis
353 1379 542 1442 concinunt.
580 1380 753 1462 Nusquam
776 1378 862 1441 enim
877 1379 974 1441 Plato
995 1401 1055 1440 nos
1078 1378 1112 1441 in
1127 1377 1266 1441 Thracio
1289 1392 1388 1462 poeta

104 1499 268 1562 mirandas
285 1498 325 1560 de
340 1497 467 1561 ultimis
483 1518 590 1560 rerum
606 1497 775 1580 principiis
796 1497 1015 1561 revelationes
1032 1519 1186 1581 quaerere
1202 1497 1306 1574 iubet,
1330 1497 1387 1559 sed

104 1617 211 1682 ubivis
237 1640 312 1680 eum
336 1616 441 1699 magis
466 1615 697 1700 mysteriorum
723 1624 757 1679 et
783 1617 1067 1680 consecrationum
1092 1639 1188 1699 quam
1217 1616 1388 1699 cujusdam

104 1736 352 1821 philosophicae
381 1743 491 1798 sectae
514 1742 683 1818 parentem
710 1757 781 1798 esse
804 1735 982 1818 significat.
1028 1737 1082 1799 An
1105 1736 1277 1819 quisquam
1303 1734 1386 1798 serio

104 1855 326 1938 Protagorae’
350 1853 526 1918 crediderit
543 1856 713 1937 Orpheum
727 1864 838 1929 τελετάς
856 1877 932 1917 suas
949 1861 983 1918 et
997 1862 1174 1945 χρησμῳδίας
1195 1876 1232 1918 eo
1250 1853 1386 1918 consilio

107 1974 277 2039 factitasse
294 1973 435 2059 putanti,
459 1979 498 2034 ut
514 1973 574 2035 sub
591 1980 765 2056 praetextu
782 1995 894 2036 earum
910 1973 1105 2056 sapientiam
1122 1997 1215 2036 suam
1231 1972 1386 2055 sophisti-

107 2116 178 2158 cam
192 2094 370 2157 venderet?
399 2093 516 2175 Neque
539 2113 579 2155 ex
595 2093 835 2176 Euthyphrone
853 2096 896 2176 (p.
915 2096 945 2175 6)
962 2092 1086 2175 aliquid
1102 2092 1276 2169 redundat,
1301 2091 1388 2174 quod

107 2213 274 2277 doctrinae
291 2211 403 2274 mundi
419 2217 495 2294 post
509 2218 641 2294 tempus
663 2220 831 2275 aeternum
849 2211 973 2275 conditi
989 2211 1173 2295 iterumque
1188 2210 1338 2273 renovati
1355 2218 1388 2272 et

108 2331 326 2396 consummati
347 2331 526 2394 aliorumve
547 2330 741 2412 dogmatum
762 2353 819 2413 per
836 2331 1006 2414 Orpheum
1026 2330 1060 2393 in
1077 2330 1249 2393 Graeciam
1270 2330 1387 2392 advec-

105 2459 214 2514 torum
244 2449 464 2533 suspicionem
495 2448 629 2512 excitet.
677 2450 884 2533 Quamquam
909 2448 955 2511 ibi
985 2451 1108 2513 bonum
1133 2455 1167 2512 et
1194 2448 1388 2530 religiosum

106 2571 383 2654 Euthyphronem
405 2568 568 2652 Orphieae
592 2569 792 2652 theogoniae
817 2569 946 2632 fabulas
971 2568 1005 2632 in
1029 2575 1139 2631 mente
1164 2568 1301 2646 habere,
1328 2566 1387 2629 mi-

106 2689 193 2753 nime
209 2711 306 2772 nego,
344 2687 419 2751 Etsi
435 2688 521 2751 enim
536 2688 735 2751 Lobeelrio
759 2688 919 2752 assentari
934 2710 999 2750 non
1020 2710 1155 2771 possum
1170 2686 1271 2750 verba
1292 2695 1337 2754 καὶ
1352 2695 1389 2754 ἔτι

106 2842 136 2895 γε
156 2815 257 2877 τούτων
276 2817 496 2894 θαυμασιώτερα,
519 2815 536 2874 ἃ
557 2817 582 2875 οἱ
601 2816 694 2875 πολλοὶ
714 2815 763 2875 οὐκ
783 2815 867 2875 ἴσασιν
885 2829 944 2890 pro
961 2808 1065 2870 altero
1088 2805 1238 2870 carminis
1255 2828 1387 2890 prorsus

108 2928 270 3011 ejusdem,
297 2926 384 3009 quod
406 2927 566 2989 Proculus
588 2927 718 3004 laudet,
744 2926 810 2989 iam
831 2949 850 2988 a
865 2927 1005 2989 Platone
1028 2926 1108 2988 lecti
1132 2925 1252 2989 indicio
1275 2924 1388 2988 vendi-

106 3047 222 3125 tanti,⁸
245 3053 357 3109 tamen
374 3045 617 3108 concedendum
637 3053 729 3129 puto,
753 3044 792 3106 iis
810 3045 968 3128 quosdam
986 3044 1148 3127 Orphicos
1170 3044 1272 3107 libros
1289 3043 1389 3106 deno·

106 3165 185 3244 tari,
213 3188 294 3249 quos
315 3163 521 3227 multitudini
542 3187 606 3227 uon
632 3163 826 3227 interdictos
849 3163 995 3247 quidem,
1022 3164 1080 3226 sed
1102 3170 1215 3227 tamen
1237 3161 1389 3245 apannis

106 3292 238 3349 tentum
259 3285 314 3348 vel
331 3283 466 3348 curiosis
488 3284 542 3346 vel
560 3284 889 3367 Orpheotelestarum
911 3283 1077 3367 mysteriis
1093 3281 1232 3345 initiatis
1249 3281 1389 3345 homini-

107 3405 169 3468 bus
194 3403 364 3468 lectitatos
389 3401 490 3466 fuisse
516 3402 595 3465 satis
622 3409 764 3465 constet.
811 3402 894 3464 Tum
918 3424 994 3465 vero
1021 3424 1062 3465 ex
1087 3402 1145 3465 illo
1172 3400 1390 3483 Orphicarum

109 3533 206 3609 βίβλων
220 3525 334 3610 ὁμάδῳ4
350 3521 509 3606 imprimis
520 3521 712 3604 Theogonis
728 3521 827 3603 digna
844 3520 985 3599 videtur,
1003 3542 1043 3584 ex
1055 3544 1118 3604 qua
1133 3520 1241 3584 variae
1257 3520 1389 3584 fabulae

109 3642 148 3705 de
164 3642 335 3726 stupendis
352 3643 488 3705 deorum
503 3641 714 3720 facinoribus,
736 3663 815 3724 quas
831 3640 1029 3725 Euthyphro
1046 3640 1231 3724 significare
1247 3640 1388 3717 videtur,

178 3863 236 3914 ¹Id
254 3867 322 3929 qnod
340 3866 530 3915 Lobeckius
548 3866 566 3913 l.
586 3880 609 3914 e.
629 3865 795 3912 multifariam
813 3864 882 3913 lecit.

176 3948 313 4016 ²Prota9.
329 3969 358 4016 p.
380 3952 482 4000 316D:
508 3947 649 4021 πρόσχημα
672 3946 800 4000 ποιεῖσθαι
822 3949 867 4000 καὶ
891 3947 1116 4020 προααλύπτεαθαι
1138 3948 1197 4006 τοὺς
1221 3947 1268 4016 μὲν
1292 3943 1391 4015 ποίησιν

109 4034 162 4088 elev
173 4029 294 4107 Ὅμηρόν
310 4054 339 4087 τε
363 4035 407 4086 καὶ
421 4031 539 4086 Ἡσίοδον
561 4035 606 4086 καὶ
624 4031 776 4105 Σιμωνίδην,
801 4033 859 4090 τοὺς
878 4034 906 4086 δὲ
925 4033 957 4086 αὖ
979 4035 1085 4092 τελετάς
1106 4033 1198 4086 τεκαὶ
1221 4030 1391 4105 χρησμῳδίας

109 4121 167 4178 τοὺς
191 4119 256 4192 ἀμφί
278 4139 306 4172 τε
322 4115 421 4192 Ὀρφέα
442 4119 487 4172 καὶ
504 4115 636 4172 Μουσαῖον
658 4120 725 4180 ath,
746 4120 786 4170 cf.
806 4124 871 4187 Bep.
891 4124 931 4180 II,
950 4127 1000 4170 364
1012 4124 1047 4172 Ε.
1084 4122 1203 4170 Fortasse
1222 4121 1301 4170 etiam
1318 4120 1390 4168 loeus

109 4209 221 4258 Pausa.
238 4225 268 4273 p.
289 4212 338 4255 244
350 4208 377 4256 D
389 4224 427 4272 sq.
447 4206 670 4269 huoremannus,
690 4207 723 4257 cs.
742 4208 805 4271 Apl.
822 4225 852 4273 p.
873 4212 921 4256 636
936 4225 974 4273 eq.

179 4290 270 4357 ³Aql.
286 4311 316 4358 p.
338 4298 396 4342 602.

177 4375 448 4444 *mmmm
