3038 4988
756 224 796 286 36

361 429 458 485 πάντας
475 427 523 499 γὰρ
541 428 642 499 κρύψας
660 425 734 486 αὖθις
751 430 815 500 φάος
835 430 860 486 ές
877 428 1040 500 πολυηηδές1

363 529 390 590 ἐξ
409 531 479 601 ίερῆς
496 528 604 602 κραδίης
622 530 775 600 ἀνενέγκατο
794 532 910 604 μέρμερα
930 531 1018 604 ῥέζων.

131 633 225 696 Quae
251 632 277 694 si
303 631 375 714 quis
402 631 508 695 obiter
531 631 793 715 perlustraverit,
819 634 933 717 procul
956 634 1055 697 dubio
1081 634 1217 696 ultimos
1238 655 1352 697 versus
1379 634 1419 697 de

131 750 291 814 Phanotis
308 750 455 835 cataposi
472 751 580 814 dictos
596 772 668 813 esse
686 751 834 814 censebit
851 760 885 814 et
900 752 1041 816 fortasse
1059 753 1158 816 etiam
1174 775 1272 816 versu
1288 761 1417 836 quarto,

131 869 188 934 ubi
199 871 331 953 Jupiter
345 871 511 933 masculus
527 869 752 953 femineusque
769 871 878 935 factus
895 873 1119 950 esseferatur,
1136 873 1228 935 illam
1240 871 1420 954 significari

132 989 363 1073 suspicabitur.
397 990 442 1052 Et
457 997 547 1053 recte
564 989 706 1071 quidem,
732 991 758 1052 si
776 1012 816 1053 ex
832 990 1030 1075 Rhapsodiis
1047 991 1259 1055 iudicandum
1276 999 1337 1070 est,
1361 992 1420 1054 ubi

131 1108 198 1171 illis
227 1109 377 1173 versibus
401 1110 517 1172 Jovem
544 1108 749 1172 conditorem
774 1110 887 1173 mundi
916 1117 993 1193 post
1016 1112 1200 1175 Phanetem
1226 1111 1419 1194 desorptum

130 1227 279 1291 restituti
289 1227 514 1312 praedicatum
525 1249 596 1291 esse
608 1249 683 1290 cum
694 1228 826 1291 Proculi
835 1229 929 1292 locia
943 1229 1141 1294 Lobeckio
1156 1230 1236 1313 Agl.
1248 1253 1281 1312 p.
1294 1233 1355 1294 519
1367 1252 1417 1313 sq.

132 1347 280 1424 collecti,
304 1355 376 1409 tum
395 1347 589 1432 Prophyrii²
613 1355 647 1410 et
664 1347 799 1410 Stobaei
821 1348 927 1409 multo
951 1348 1125 1432 ampliores
1148 1349 1324 1412 eorundem
1346 1371 1419 1412 ver·

113 1508 115 1513 «
131 1489 225 1529 suum
240 1467 448 1529 recensiones
465 1466 597 1529 docent.
637 1467 702 1529 Sed
719 1466 797 1548 quid
812 1468 928 1549 porro?
957 1468 1048 1530 Num
1063 1467 1110 1530 ita
1134 1467 1418 1531 concludendum?

129 1586 170 1647 In
187 1585 384 1669 Rhapsodiis
402 1584 508 1661 multi,
532 1585 565 1648 in
580 1584 665 1648 libro
690 1586 729 1648 de
746 1587 872 1649 Mundo
895 1587 1046 1649 nonnulli
1062 1609 1176 1650 versus
1193 1586 1416 1664 inveniuntur,
1449 1561 1454 1565 .

131 1705 249 1788 quibus
275 1705 315 1767 de
336 1704 495 1768 Phanetis
521 1705 668 1788 cataposi
694 1705 814 1788 agitur.
865 1705 965 1787 Atqui
991 1706 1088 1798 uuius
1111 1728 1151 1768 ex
1174 1705 1242 1768 illis
1266 1706 1417 1769 versibus

131 1846 149 1886 a
174 1824 313 1886 Platone
343 1823 466 1887 mentio
492 1824 541 1886 fit.
589 1824 678 1906 Ergo
705 1824 800 1886 Plato
831 1824 965 1910 aliique,
996 1847 1132 1907 quorum
1157 1825 1289 1888 nomina
1319 1847 1418 1909 supra

131 1951 387 2006 commemorata
418 1950 510 2021 sunt,
542 1942 767 2026 Theogoniam
797 1943 976 2027 Orphicam
1007 1950 1182 2022 noverant,
1216 1944 1251 2006 in
1281 1966 1345 2024 qua
1376 1944 1416 2006 de

130 2064 279 2125 Phanote
302 2084 408 2125 sermo
426 2069 525 2125 esset.
564 2064 613 2125 At·
627 2081 752 2140 vereor,
776 2084 817 2125 ne
833 2063 887 2125 hic
910 2062 1125 2146 syllogismus
1141 2064 1215 2145 plus
1237 2085 1302 2125 una
1322 2071 1416 2147 parte

130 2182 276 2245 vacillet.
313 2181 459 2244 Primum
475 2181 502 2242 si
519 2182 582 2244 hoc
602 2180 709 2265 ipsum
727 2181 937 2260 concedatur,
960 2188 1090 2244 tantam
1106 2203 1260 2245 versuum
1281 2158 1414 2260 molem,

131 2307 254 2384 quanta
277 2308 387 2363 exstet
408 2300 442 2362 in
458 2299 667 2383 Rhapsodiis,
691 2301 786 2363 unius
807 2299 961 2364 versiculi
982 2299 1173 2364 testimonio
1195 2283 1417 2383 tanquam'ex

130 2420 186 2482 filo
204 2419 381 2482 admodum
402 2419 494 2483 tenui
512 2441 704 2502 suspensam
719 2419 822 2483 levari
844 2419 1073 2503 integramque
1090 2420 1132 2483 ad
1151 2442 1315 2482 summum
1330 2419 1416 2482 anti·

130 2539 268 2621 quitatis
293 2537 465 2621 fastigium
493 2538 570 2601 tolli
593 2560 706 2621 posse,
738 2546 850 2601 tamen
874 2538 949 2601 inde
978 2562 1045 2602 non
1068 2539 1188 2621 liquet,
1221 2560 1277 2602 eos
1301 2561 1416 2602 versus

129 2657 279 2720 Platonis
301 2664 411 2721 aetate
433 2657 467 2720 in
489 2657 730 2740 Theogonis,
753 2679 813 2721 nec
835 2656 870 2719 in
891 2657 963 2720 aliis
982 2657 1135 2741 Orphicis
1158 2658 1289 2741 scriptis
1310 2658 1417 2720 veluti

129 2777 164 2839 in
183 2777 324 2860 Hymnis
347 2778 398 2839 vel
421 2776 626 2839 Onomacriti
648 2784 776 2850 Τελεταῖς
795 2776 942 2839 infuisse.
980 2778 1035 2840 An
1057 2777 1129 2858 quis
1153 2777 1280 2855 credat,
1305 2778 1416 2859 Rhap-

131 2895 297 2958 sodiarum
313 2903 482 2958 auctorem
497 2895 608 2958 nescio
626 2917 689 2976 qua
710 2893 870 2978 religione
887 2895 1086 2958 obstrictum
1101 2895 1231 2959 nonnisi
1248 2918 1288 2959 ex
1303 2902 1415 2959 vetere

130 3014 322 3098 Theogonia
351 3013 401 3076 sui
426 3012 578 3077 carminis
608 3012 771 3076 lenocinia
797 3014 1052 3096 conquisivisse?
1095 3015 1167 3078 Nec
1192 3015 1326 3092 desunt,
1360 3014 1417 3096 qui

129 3133 223 3197 illam
238 3132 450 3215 doxologiam
466 3132 565 3195 alicui
580 3136 703 3216 hymno
720 3132 753 3194 in
770 3134 885 3196 Jovem
907 3122 1005 3216 vquann
1022 3134 1232 3216 Theogoniae
1248 3133 1415 3197 vindicare

129 3253 336 3316 maluerint·.³
361 3251 504 3314 Giselre
521 3251 662 3315 Tzetzae
679 3252 878 3315 auctoritate
895 3260 1063 3334 permotus
1083 3275 1213 3316 versum
1229 3253 1370 3336 primum
1381 3259 1416 3315 et

130 3372 309 3435 secundum
328 3371 592 3455 Lycomedarum
617 3370 748 3454 hymnis
766 3369 938 3453 Orphicis⁴
964 3371 1105 3435 inserere
1128 3380 1265 3435 conatur
1290 3372 1414 3454 etipse

200 3525 249 3576 1Ιί
267 3543 354 3577 versus
373 3529 404 3575 ab
423 3528 540 3596 Eusebio
559 3528 595 3575 ita
613 3527 759 3575 traduntur:

396 3611 478 3663 πάντα
497 3607 517 3661 δ’
537 3610 688 3681 ἀποκρύψας
706 3606 779 3665 αὖθις
796 3609 860 3679 φάος
879 3609 905 3666 ές
923 3607 1069 3680 πολυγηδές

396 3696 491 3766 μέλλεν
510 3696 559 3748 ἀπὸ
577 3692 686 3767 κραδίης
703 3694 836 3766 προφέρειν
853 3691 1032 3746 πολυδέσκελα
1052 3694 1131 3766 ρέζων

130 3801 145 3833 a
163 3784 273 3832 Proculo
292 3792 317 3832 et
336 3782 461 3832 Stobaeo:

397 3867 480 3919 πάντα
498 3866 560 3917 τάδε
578 3864 679 3936 κρύψας
698 3861 768 3921 αὖτις
786 3864 850 3936 φάος
868 3865 894 3920 ἐς
911 3862 1057 3935 πολυγηθές

396 3951 490 4019 μέλλεν
509 3949 559 4002 άπὸ
577 3950 685 4023 κραδίης
702 3952 835 4024 προφέρειν
853 3951 915 4004 πάλι
932 3949 1045 4004 θέσκελα
1066 3952 1154 4024 ρέζων.

130 4041 252 4105 Appuleji
272 4048 297 4089 et
315 4038 454 4088 Clementis
473 4039 515 4087 Al.
535 4040 672 4088 relationes
691 4054 748 4088 cum
766 4022 914 4089 Aristotelis
933 4047 1005 4089 textu
1024 4041 1169 4089 concinunt.

199 4124 304 4189 2Αριιιλ
328 4127 477 4183 Eusebium,
501 4127 597 4189 Pruep.
622 4127 723 4188 Εοακρ.
744 4126 800 4182 ΙΙΙ,
820 4129 834 4172 9
860 4127 909 4187 (ed.
936 4126 1090 4183 Heinichen,
1116 4127 1144 4176 Τ.
1165 4128 1188 4184 Ι,
1211 4128 1284 4190 110);
1311 4128 1415 4178 Stobaei

130 4213 192 4262 Ecl.
213 4215 288 4278 Phys.
308 4214 348 4261 ed.
372 4212 458 4276 Gaios.
479 4211 502 4269 I,
522 4214 581 4275 ap.
604 4216 643 4258 16.

199 4293 209 4324 ³
226 4298 260 4347 L.
275 4315 296 4346 e.
307 4314 337 4361 p.
353 4301 393 4344 84.
420 4294 538 4355 Quocum
551 4296 695 4344 consentire
707 4296 806 4344 videtur
819 4294 976 4354 Ger-hard,
997 4295 1077 4344 Ueher
1091 4297 1213 4360 Orpheus,
1223 4313 1252 4359 ρ.
1266 4299 1296 4346 73
1307 4297 1341 4346 Ν.
1357 4301 1412 4344 148.

198 4379 341 4431 4Ροκεαα.
361 4381 412 4439 ΙΧ,
431 4385 472 4439 30,
493 4385 521 4440 5;
541 4380 574 4429 cf.
594 4381 745 4439 Menander,
764 4383 805 4430 De
822 4382 928 4430 Eneom.
949 4381 989 4439 II,
1008 4385 1049 4429 ³0.
