3038 4988
741 187 760 248 3

667 274 838 282 ——-—

114 389 221 451 solum
244 410 310 450 uon
335 394 510 450 cunctatur
535 409 666 450 carmen
691 389 784 471 cujus
809 388 876 450 sint
899 387 1056 470 reliquiae
1080 363 1230 450 Platonis
1253 390 1396 472 tempori

112 506 288 584 vindicare,
311 507 369 570 sed
383 507 578 590 praesertim
598 506 749 589 vestigiis
764 507 896 570 fabulae
919 507 959 570 (16
974 507 1092 589 Zagrei
1113 513 1219 570 morte
1240 507 1395 572 insistens

113 648 151 689 66
167 625 328 710 procedit,
345 632 384 688 ut
403 625 651 688 Onomacritum
668 626 737 688 6166
754 633 922 689 auctorem
939 648 1010 689 6666
1028 627 1218 689 contendat.
1259 627 1352 690 Quae
1369 627 1397 690 si

113 767 243 807 mecum
257 752 386 827 reputo,
408 744 616 807 admirationi
630 745 789 808 acuminis
805 752 840 808 et
856 744 1048 808 eruditionis
1065 745 1126 808 viri
1142 746 1397 828 ingeniosissimi

112 871 246 927 tantum
261 864 406 927 tribuere
421 887 487 926 non
503 887 648 947 possum,
669 872 708 926 ut
724 886 799 927 eum
815 886 897 947 quae
913 864 1056 927 voluerit
1073 866 1303 948 comprobasse
1320 887 1397 928 con·

114 985 240 1047 cedam.
279 983 361 1045 Quis
384 982 469 1046 enim
489 988 647 1066 praestat,
669 983 819 1046 Platonis
842 990 876 1046 61
891 982 1024 1046 Proculi
1040 984 1201 1066 Orpheos,
1224 991 1398 1068 propterea

116 1103 202 1185 quod
223 1103 382 1165 nonnulla
403 1101 443 1164 iis
469 1101 654 1165 communia
675 1102 756 1180 sint,
785 1103 884 1165 etiam
906 1103 946 1165 (16
969 1102 1086 1166 6616616
1112 1125 1223 1166 secum
1244 1126 1310 1166 666
1332 1102 1397 1165 (116-

115 1222 266 1304 crepare?
290 1223 345 1284 An
360 1223 424 1284 hoc
444 1221 519 1284 inde
536 1220 694 1302 sequitur,
720 1222 807 1304 quod
824 1244 865 1285 ex
885 1221 1081 1304 fragmentis
1098 1228 1264 1304 appareat,
1288 1229 1399 1284 totum

116 1362 247 1404 carmen
262 1346 332 1403 tam
347 1342 449 1423 probe
467 1362 650 1402 connexum
666 1340 778 1418 fuisse,
797 1348 834 1404 ut
851 1339 937 1404 61661
953 1363 1064 1404 varam
1080 1340 1169 1403 vibia
1184 1363 1398 1422 unamquam·
1457 1428 1460 1433 Ι

119 1480 180 1541 que
194 1466 320 1541 partem
337 1465 464 1522 ceterae
480 1460 722 1541 subsequantur
737 1466 888 1542 oporteat
902 1458 1050 1541 nihilque
1061 1460 1101 1522 de
1115 1461 1189 1522 1666
1200 1482 1259 1522 666
1275 1458 1399 1521 moveri
1420 1421 1445 1465 0

116 1577 231 1660 possit,
251 1577 329 1660 quin
339 1577 447 1640 omnia
462 1579 638 1640 turbentur
654 1585 688 1640 et
704 1579 922 1642 misceantur?
947 1580 1011 1641 Sed
1022 1586 1060 1640 ut
1075 1585 1204 1641 taceam
1217 1601 1315 1656 nunc,
1332 1601 1399 1640 non
1483 1660 1486 1664 Α

115 1719 220 1779 66666
241 1696 424 1779 pugnantia
445 1696 479 1760 in
499 1696 694 1779 fragmentis
715 1697 890 1760 tralaticiis
913 1697 1030 1775 inesse,
1053 1720 1111 1781 per
1131 1719 1165 1760 se
1187 1697 1399 1760 manifestum

117 1823 178 1893 661,
197 1815 357 1878 eiusmodi
374 1816 527 1893 carmina,
547 1816 655 1898 qualia
671 1816 737 1879 sint
752 1816 963 1899 theogoniae,
981 1839 1048 1879 non
1063 1823 1133 1878 tam
1150 1822 1239 1879 66616
1261 1817 1348 1879 16166
1364 1837 1398 1878 66

117 1937 291 1998 cohaerere
315 1957 411 2017 posse
438 1958 535 2017 quam
559 1943 731 2018 poetarum
761 1935 928 2018 epicorum
952 1936 1004 1998 vel
1029 1935 1231 2017 tragicorum
1257 1935 1398 1999 fabulas.

118 2053 207 2116 Quid
226 2053 312 2117 enim
328 2054 439 2132 refert,
457 2061 569 2116 utrum
584 2054 618 2117 in
633 2055 838 2137 genealogiis
855 2077 912 2137 per
933 2056 1034 2137 longa
1050 2054 1157 2136 spatia
1179 2054 1329 2117 deductis
1353 2055 1400 2116 61-

116 2179 223 2235 terum
239 2157 423 2236 membrum
439 2172 598 2236 exciderit
615 2173 755 2236 alterum
771 2173 922 2236 additum
938 2173 992 2252 sit,
1017 2197 1056 2238 an
1074 2195 1187 2236 omnes
1202 2173 1400 2256 propagines

117 2315 249 2374 prorsus
262 2292 389 2355 intacto
401 2292 513 2354 ordine
530 2313 601 2354 sese
612 2291 796 2374 excipiant?
819 2293 891 2356 Nec
902 2293 929 2355 si
945 2293 1024 2355 ordo
1035 2294 1189 2355 turbatus
1206 2300 1267 2371 est,
1280 2314 1400 2374 magna

118 2419 189 2474 arte
205 2421 304 2493 atque
320 2411 451 2493 ingenio
469 2410 498 2472 ei
515 2433 596 2493 opus
613 2410 686 2489 erit,
705 2412 759 2493 qui
775 2413 909 2474 lacunas
921 2413 1063 2494 explere,
1081 2418 1226 2474 tumores
1241 2410 1398 2492 levigare,

120 2553 232 2593 omnes
248 2537 359 2614 partes
375 2554 486 2593 rursus
503 2530 652 2630 11616166
668 2552 702 2593 66
719 2530 893 2594 6666111666
909 2530 1062 2608 voluerit,
1080 2537 1118 2593 ut
1133 2531 1271 2593 hebetes
1289 2551 1401 2592 eorum

120 2649 175 2732 qui
199 2650 300 2732 vulgo
326 2650 442 2732 legunt
473 2650 585 2712 oculos
611 2649 718 2712 161161.
770 2648 846 2711 Nisi
870 2648 972 2731 igitur
1002 2648 1298 2712 61166166166616166
1324 2670 1400 2710 666-

118 2768 268 2832 tentione
282 2770 430 2832 locorum
440 2769 527 2851 apud
537 2775 665 2831 veteres
681 2776 714 2832 et
725 2769 923 2832 recentiores
937 2776 1142 2851 repertorum
1155 2767 1400 2857 accuratissime

119 2887 209 2950 16616
229 2888 428 2970 probaverit,
455 2882 551 2950 retus
574 2888 723 2950 Platonis
746 2888 898 2995 carminis
922 2887 1060 2970 Orphici
1081 2889 1248 2969 exemplar
1268 2909 1400 2969 prorsus

119 3005 208 3069 idem
223 3006 325 3070 fuisse
339 3029 412 3070 cum
430 3029 479 3084 eo,
498 3030 560 3089 quo
573 3008 731 3069 Proculus
748 3030 826 3069 usus
843 3007 897 3084 sit,
916 3007 1066 3070 dubitare
1082 3005 1208 3084 licebit,
1227 3029 1268 3068 an
1284 3004 1401 3087 aliquis

119 3125 311 3188 recentioris
333 3126 452 3189 aetatis
475 3126 639 3209 Orphicae
662 3133 799 3208 potseos
821 3133 948 3189 amator
969 3125 1080 3189 666616
1103 3148 1166 3207 qua
1186 3122 1323 3186 libidine
1345 3124 1402 3186 ad-

119 3244 239 3307 ductus
263 3224 426 3308 sincerum
443 3267 573 3308 carmen
595 3244 719 3308 eumin
741 3246 874 3307 modum
896 3244 1142 3320 adulteraverit,
1166 3250 1204 3305 ut
1221 3264 1302 3325 quae
1326 3263 1402 3305 con-

120 3362 194 3426 silio
211 3365 367 3428 obessent
383 3374 558 3442 resecaret,
576 3364 641 3427 alia
653 3386 729 3428 vero
747 3365 925 3446 eademque
941 3363 1136 3446 gravissima
1152 3370 1186 3425 et
1201 3360 1403 3445 amplissima

120 3483 175 3545 vel
196 3484 235 3546 de
258 3507 325 3546 suo.-
339 3484 475 3547 adderet
496 3485 548 3546 vel
571 3505 611 3547 ex
633 3483 707 3546 aliis
729 3506 802 3545 cum
819 3483 954 3546 Graecis
975 3489 1047 3544 tum
1069 3481 1250 3564 peregrinis
1272 3479 1402 3563 seriptis

121 3601 328 3684 compilando
345 3583 550 3666 transferret.
589 3602 799 3684 Quapropter
815 3602 918 3664 satius
936 3601 1024 3679 duxi,
1042 3607 1218 3664 66616616
1235 3601 1403 3682 palearum

120 3720 437 3803 Neoplatonicarum
453 3743 568 3784 acervo
584 3744 675 3784 raros
691 3720 991 3784 vetustissimorum
1009 3720 1205 3802 scriptorum
1221 3721 1312 3782 locos
1328 3725 1402 3782 tan·

120 3862 218 3922 quam
234 3863 335 3922 grana
349 3840 495 3924 dispersa
511 3840 701 3918 admiscere,
720 3840 777 3904 sed
793 3842 854 3903 hos
870 3839 1078 3922 potissimum
1096 3839 1251 3921 colligere
1268 3837 1403 3901 6116166

120 3980 155 4020 se
181 3959 378 4024 conferendo
401 3960 601 4038 examinare,
627 3968 665 4022 ut
686 3959 761 4023 inde
782 3966 911 4042 pateat,
938 3959 1026 4041 quod
1047 3956 1147 4021 fuerit
1172 3963 1403 4040 argumentum

120 4078 197 4140 libri
221 4101 240 4141 a
261 4080 401 4143 Platone
426 4079 563 4142 laudati.
611 4079 708 4141 Quod
733 4077 761 4140 si
784 4078 992 4161 perspicuum
1016 4077 1129 4155 fuerit,
1156 4076 1252 4139 166116
1275 4075 1337 4138 6611
1362 4075 1401 4137 ad

121 4196 378 4281 dijudicandum,
402 4206 513 4262 utrum
529 4198 633 4262 totius
657 4197 808 4261 carminis
830 4220 958 4260 summa
980 4204 1014 4260 61
1030 4197 1108 4260 ordo
1132 4194 1306 4259 conveniat
1329 4216 1403 4257 cum

121 4315 172 4394 iis,
196 4340 279 4399 quae
300 4340 340 4381 ex
356 4318 602 4382 Platonicorum
624 4308 819 4401 fragmentis
837 4315 971 4399 cognita
992 4317 1161 4392 habemuS,
1186 4337 1228 4378 66
1238 4313 1404 4396 ⁴quaedam

1151 4423 1166 4468 1
1173 4419 1188 4451 ᾖ
