3038 4988
677 197 846 290 *2⁴5-

119 393 454 487 manifestumest,
473 417 723 479 quaecunque
739 400 1231 480 argumentaexlocisinde
1248 401 1404 466 aNocte

90 519 92 523 ’
119 513 221 576 infra
251 514 394 598 positis
419 523 663 600 repetantur,
694 540 791 601 vana
815 539 899 580 esse
924 526 963 581 et
986 518 1143 582 infirma
1167 520 1211 582 ad
1237 520 1404 587 omnium
1441 581 1443 586 .

118 635 265 697 veteris
288 642 326 697 et
346 635 604 717 rhapsodicae
626 613 876 718 Theogoniae
898 637 1066 720 partium
1090 638 1405 702 convenientiam

120 754 459 836 comprobandam,
487 776 560 817 cum
582 776 678 817 nemo
704 754 850 833 dubitet,
877 755 953 820 illos
975 725 1015 820 db
1041 738 1278 842 interpolatore
1299 780 1403 842 paene

119 872 263 935 intactos
274 881 422 936 servatos
431 894 514 936 esse.
531 872 712 957 Utriusque
721 882 831 937 autem
842 876 971 958 generis
980 876 1403 941 testimoniaLobeckius

119 992 303 1075 promiscue
325 993 472 1076 apponit,
497 1015 579 1076 quae
596 1015 682 1056 nunc
705 993 865 1058 divisione
882 1003 1034 1059 accurate
1056 997 1146 1060 facta
1166 997 1310 1061 breviter
1330 1019 1403 1081 per·

119 1111 290 1194 stringam.
671 1196 676 1208 Ι

205 1231 351 1294 Primum
367 1230 471 1314 igitur
487 1253 526 1294 ex
542 1231 592 1309 iis,
617 1253 699 1314 quae
715 1233 860 1296 Noctem
877 1235 1089 1314 antecedunt,
1107 1243 1238 1319 praeter
1254 1258 1302 1314 ea,
1320 1258 1403 1317 quae

107 1349 182 1412 viam
215 1374 311 1433 supra
343 1351 609 1429 commemoravi,
643 1350 786 1415 occurrit
815 1353 1018 1437 prooemium
1050 1353 1201 1418 carminis
1233 1378 1251 1419 a
1275 1356 1403 1418 Joanne

55 1492 57 1496 ’
117 1470 456 1553 Malelassyzantin0¹
474 1476 689 1534 asservatum.
716 1472 857 1535 Gravem
873 1475 1038 1537 mehercle
1056 1474 1304 1538 auctoritatem!
1329 1475 1402 1537 Nec

118 1589 239 1652 desunt
263 1589 345 1652 aliae
371 1612 500 1672 quoque
526 1612 658 1668 causae,
689 1591 808 1673 quibus
833 1592 996 1655 adductus
1026 1593 1095 1676 ipse
1120 1591 1343 1657 Lobechius
1367 1593 1402 1656 id

117 1708 151 1771 in
173 1707 392 1793 suspicionem
413 1731 530 1772 vocare
552 1709 734 1773 videatur.²
760 1727 791 1757 -'
818 1712 1008 1775 Succedunt
1030 1734 1077 1803 ea,
1102 1735 1184 1795 quae
1206 1712 1247 1775 de
1270 1712 1402 1775 Chrono

119 1827 243 1912 Orphei
258 1828 444 1892 traduntur.
473 1832 521 1891 At
536 1850 577 1892 ne
593 1829 645 1892 his
662 1828 794 1912 quidem
810 1829 975 1913 antiquior
991 1831 1088 1894 testis
1106 1830 1288 1915 opitulatur
1304 1854 1403 1913 quam

117 1949 289 2011 Proculus
335 1947 469 2040 Etenim
490 1948 702 2012 Aristotelis³
728 1950 828 2012 verba
856 1956 910 2019 εἰσί
931 1983 997 2025 τινες
1018 1959 1046 2018 οἵ
1069 1983 1147 2037 φασιν
1172 1958 1251 2020 οὐθὲν
1278 1960 1405 2036 ἀγένητον

118 2075 180 2135 εἶναι
198 2083 251 2136 τῶν
265 2077 438 2153 πραγμάτων,
460 2077 528 2136 ἀλλὰ
543 2078 628 2136 πάντα
647 2078 790 2153 γίγνεσθαι,
810 2079 939 2156 γενόμενα
954 2081 984 2138 δὲ
1004 2079 1038 2138 τὰ
1059 2080 1106 2154 μὲν
1126 2077 1254 2155 ἄφθαρτα
1274 2079 1403 2154 διαμένειν

116 2197 150 2255 τὰ
166 2198 197 2255 δὲ
211 2197 287 2255 πάλιν
303 2194 472 2273 φθείρεσθαι,
493 2197 609 2272 μάλιστα
626 2198 674 2273 μὲν
688 2199 713 2257 οἱ
733 2197 794 2274 περὶ
804 2195 940 2269 Ἡσίοδον,
962 2196 1019 2257 εἶτα
1035 2199 1079 2256 καὶ
1093 2204 1146 2256 τῶν
1160 2197 1250 2256 ἄλλων
1264 2197 1289 2255 οἱ
1302 2203 1403 2274 πρῶτοι

118 2316 355 2393 φυσιολογήσαντες
378 2307 417 2369 de
445 2307 577 2389 Orpheo
604 2307 682 2386 dici,
710 2329 798 2371 mera
824 2307 985 2389 Simplicii
1010 2309 1200 2390 conjectura
1225 2314 1276 2370 est
1301 2307 1403 2369 adno-

117 2425 239 2489 tantis
260 2439 313 2493 τῶν
329 2436 358 2493 δὲ
379 2432 468 2493 ἄλλων
482 2435 602 2519 πρώτους
623 2439 813 2512 φυσιολογῆσαι
827 2436 888 2501 τοὺς
908 2437 969 2513 περὶ
979 2433 1084 2514 Ὀρφέα
1104 2436 1149 2494 καὶ
1163 2434 1300 2495 Μουσαῖον
1320 2435 1404 2511 λέγειν

118 2553 196 2627 εἰκός,
212 2554 301 2619 οἵτινες
315 2555 383 2630 πλὴν
397 2557 445 2612 τοῦ
461 2555 568 2631 πρώτου
583 2555 668 2613 πάντα
683 2554 806 2630 γενέσθαι
821 2555 947 2631 λέγουσιν.
982 2547 1028 2608 Et
1043 2553 1081 2608 ut
1103 2546 1143 2608 de
1161 2546 1293 2629 Orpheo
1311 2544 1401 2607 (licta

118 2664 195 2742 sint,
214 2663 286 2747 quis
301 2671 460 2748 praestat,
478 2664 563 2727 illud
578 2674 702 2751 ἀγένητον
718 2664 887 2727 Chronum
903 2667 994 2727 esse?
1019 2665 1117 2749 Apud
1133 2664 1327 2741 Hesiodum,
1346 2663 1402 2746 qui

117 2783 247 2847 nomine
272 2784 442 2861 laudatur,
473 2784 582 2846 Chaos
607 2790 673 2858 est;
708 2805 764 2847 cur
789 2783 892 2867 igitur
921 2784 1008 2867 apud
1034 2786 1203 2866 Orpheum
1227 2784 1305 2846 Nox
1330 2804 1401 2846 esse

117 2925 182 2965 non
204 2909 327 2986 potest,
352 2926 450 2986 quam
470 2903 505 2965 in
520 2903 760 2988 Metaphysicis
777 2903 993 2968 Aristotelem
1016 2904 1057 2967 ab
1079 2903 1173 2966 initio
1190 2902 1401 2986 Theogoniae

118 3022 282 3106 Orphicae
312 3044 433 3107 ponere
465 3045 562 3107 supra
592 3022 790 3086 viderimus?
820 3061 851 3070 -
880 3025 981 3086 Porro
1008 3023 1117 3085 Chaos
1149 3029 1183 3085 et
1207 3023 1400 3098 Aetherem,

118 3141 241 3205 Chroni
256 3143 394 3224 prolem,
417 3141 499 3205 item
515 3165 581 3205 non
597 3141 661 3227 nisi
676 3142 764 3206 Novi
780 3142 944 3206 Platonici
959 3148 1106 3205 tuentur.
1139 3141 1298 3224 Appuleji
1314 3140 1402 3203 enim

116 3262 253 3325 verbaz⁵
281 3262 462 3346 „Orpheus
478 3261 582 3325 Linus
605 3269 639 3324 et
654 3261 819 3324 Hesiodus
836 3262 914 3324 deos
931 3283 971 3325 ex
987 3263 1069 3324 chao
1086 3261 1127 3323 ab
1143 3259 1238 3322 initio
1256 3259 1401 3342 erupisse

117 3381 254 3444 dixerun
274 3389 297 3418 “
317 3388 450 3445 nostrae
472 3381 583 3466 potius
606 3403 702 3463 quam
724 3379 915 3444 Lobeckii
937 3379 1121 3444 sententiae
1144 3378 1400 3461 adstipulantur,

117 3523 190 3563 cum
213 3522 254 3562 ex
274 3507 388 3564 nostra
412 3509 544 3564 tantum
565 3501 653 3578 Nox,
680 3521 763 3583 quae
785 3499 952 3562 simillima
974 3509 1067 3574 Χάους
1088 3506 1140 3562 est
1161 3505 1195 3560 et
1219 3521 1239 3560 a
1259 3496 1402 3560 Proculo

186 3672 278 3722 ¹Nam
300 3675 378 3723 verba
395 3674 531 3737 Theophili
555 3672 601 3736 (od
618 3674 738 3739 Autolyc.
757 3675 810 3723 ΙΙΙ
819 3693 849 3739 p.
870 3679 934 3722 293:
951 3666 1071 3743 Ὅμηρος
1088 3670 1134 3723 καὶ
1148 3667 1265 3725 Ἠσίοδος
1282 3668 1327 3719 καὶ
1343 3663 1366 3720 'l
1377 3687 1401 3739 p·

115 3758 176 3829 ρεὺς
195 3757 291 3828 ἔφασαν
311 3757 415 3814 ἑαυτοὺς
440 3757 490 3809 ἀπὸ
508 3755 580 3815 θείας
604 3757 721 3830 προνοίας
739 3755 931 3828 μεμαθηκέναι)
955 3759 987 3807 ad
1006 3758 1138 3821 quodlibet
1160 3757 1322 3821 prooemium
1340 3772 1402 3818 que-

116 3847 197 3906 drant,
216 3861 268 3894 non
286 3847 317 3893 ad
337 3846 363 3893 id
385 3852 491 3906 tantum,
512 3844 585 3907 eujus
602 3845 698 3894 Malela
715 3846 872 3894 mentionem
891 3844 961 3893 facit.

184 3927 274 3995 ²Aql.
290 3949 321 3996 p.
341 3935 401 3978 469.

184 4013 252 4067 ³De
271 4018 339 4067 coelo
359 4018 415 4075 III,
436 4021 458 4075 l,
475 4033 503 4080 p.
524 4017 601 4064 298b
620 4020 704 4080 25rq·

183 4100 194 4131 ⁴
213 4101 254 4151 cf.
275 4103 380 4153 Scholia
398 4104 424 4150 in
442 4102 608 4150 Aristotelem
627 4101 687 4150 coll.
706 4102 824 4150 Brundis
842 4099 973 4163 (Bcrolc'm'
993 4096 1069 4160 1836)
1086 4114 1115 4161 p.
1136 4101 1185 4144 510
1198 4114 1215 4145 α
1233 4101 1275 4144 21.

183 4185 193 4215 ⁵
212 4191 252 4238 De
273 4189 393 4252 Orthopr.
414 4205 445 4253 p.
467 4191 512 4236 137
532 4188 572 4235 ed.
592 4187 660 4235 Mai.
702 4183 753 4234 Sed
776 4185 821 4234 ille
840 4184 983 4247 Appulejus
1001 4184 1056 4246 ipse
1074 4182 1174 4230 videtur
1191 4181 1324 4229 millennio
1342 4189 1402 4243 post

115 4275 252 4322 Proculum
279 4274 372 4322 vixisse
403 4271 455 4336 (cf.
480 4272 679 4334 Bernhardy,
711 4271 854 4319 Grundrr'ee
880 4271 927 4318 der
945 4270 1093 4318 Rdmicchen
1117 4267 1278 4325 luderetur,
1305 4270 1331 4316 4.
1352 4269 1402 4315 Be·

115 4361 248 4422 crbeitunq
268 4357 476 4424 [Braunechweiq
498 4356 572 4422 1865]
588 4375 618 4422 p.
639 4362 697 4406 876.
717 4355 788 4419 882).
