3038 4988
654 231 780 316 ca

117 436 166 499 ita
195 434 319 498 animas
345 455 473 516 quoque
502 435 660 496 humanas
692 455 821 517 semper
848 436 940 498 nasci
963 435 1046 499 mori
1069 437 1196 502 renasci
1219 438 1397 503 dicerent¹

118 554 216 619 Quod
233 553 261 616 si
277 553 471 631 credebant,
495 552 559 616 iam
575 576 641 616 non
656 552 766 632 licuit,
788 553 958 618 animabus
978 562 1055 638 post
1071 563 1211 621 mortem
1232 565 1399 622 aeternam

118 674 281 758 quandam
297 672 409 735 sedem
424 672 493 736 sive
507 673 638 742 beatam
656 671 725 735 sive
741 674 938 736 horrendam
955 674 1134 758 assignare,
1155 677 1213 740 sed
1228 677 1305 742 illae
1320 702 1398 762 poe-

117 816 178 858 nae
201 800 234 856 et
253 791 397 877 praemia
419 792 511 875 quasi
530 792 564 855 in
584 791 701 855 itinere
723 794 886 876 captanda
908 800 1011 862 erant.
1055 795 1120 858 Sed
1142 795 1294 860 interfuit
1313 797 1400 861 inter

117 914 219 978 Indos
235 919 269 976 et
286 912 446 990 Graecos,
469 911 558 994 quod
572 912 659 995 apud
675 911 751 974 illos
768 912 956 976 sacerdotes
972 937 1133 977 summam
1148 915 1239 979 nacti
1255 916 1398 999 dignita-

117 1040 184 1096 tem
202 1039 236 1096 et
245 1030 430 1116 potentiam
439 1053 558 1094 novam
569 1054 661 1094 suam
671 1031 863 1114 religionem
883 1032 1033 1097 omnibus
1043 1034 1256 1117 popularibus
1267 1035 1398 1119 publice

117 1151 353 1228 obtruderunt,
379 1151 415 1214 hi
433 1172 509 1214 vero
535 1150 568 1213 in
589 1157 700 1214 vetere
723 1151 857 1215 deorum
880 1153 974 1216 cultu
996 1154 1100 1236 magis
1123 1154 1187 1218 sibi
1208 1161 1398 1219 constantes

117 1272 325 1335 sacerdotum
342 1276 589 1352 oeterorumque
606 1271 884 1354 Euthyphronum
900 1294 1002 1336 novas
1019 1273 1188 1356 opiniones
1210 1275 1242 1338 in
1259 1274 1342 1338 ritus
1365 1282 1399 1338 et

116 1392 189 1453 loca
206 1411 323 1453 arcana
339 1390 547 1472 ablegarunt.
594 1391 650 1453 Ita
665 1389 791 1453 factum
799 1439 808 1468 ,
830 1396 869 1454 ut
887 1391 920 1453 in
937 1391 1075 1456 Graecia
1090 1414 1195 1475 neque
1213 1394 1397 1477 complures

117 1509 247 1573 ordines
257 1509 435 1572 sanctitate
445 1509 531 1572 inter
541 1530 575 1572 se
586 1508 707 1573 diversi
717 1509 914 1574 exsisterent
923 1533 1028 1594 neque
1039 1512 1172 1576 funesta
1180 1512 1239 1576 illa
1249 1513 1400 1578 doctrina

116 1628 323 1712 migrationis
339 1628 517 1692 animarum
532 1651 644 1692 omnes
654 1630 746 1712 leges
763 1636 798 1692 et
813 1629 968 1694 instituta
979 1631 1152 1696 civitatum
1163 1640 1396 1717 corrumperet.

116 1749 199 1811 Cum
215 1747 318 1831 igitur
332 1748 371 1826 ii,
396 1748 451 1831 qui
466 1771 552 1812 nova
567 1750 724 1831 dogmata
740 1750 884 1833 amplexi
899 1756 1006 1829 erant,
1030 1751 1064 1815 in
1080 1754 1238 1835 populum
1255 1775 1292 1816 ea
1308 1776 1398 1836 spar-

116 1890 194 1951 gere
210 1868 346 1946 vellent,
368 1870 432 1933 hoc
447 1891 512 1932 non
528 1867 591 1931 nisi
607 1868 654 1931 ita
669 1867 778 1932 facere
793 1876 984 1952 potuerunt,
1008 1877 1046 1933 ut
1067 1878 1101 1934 et
1117 1871 1256 1954 singulis
1274 1894 1311 1935 ea
1326 1895 1398 1956 per·

116 1987 293 2050 suaderent
318 1995 352 2050 et
376 1987 464 2070 ipsos
489 2010 602 2050 omnes
625 1988 702 2050 deos
727 1988 911 2052 tralaticios
932 1991 1039 2053 colere
1065 1990 1257 2055 simularent
1281 1993 1335 2055 vel
1359 2014 1401 2056 ne

116 2107 310 2170 simularent
330 2106 477 2190 quidem,
503 2106 622 2190 quippe
645 2107 701 2190 qui
720 2107 784 2191 ipsi
804 2107 860 2172 vix
880 2110 977 2192 plane
999 2111 1239 2194 perspicerent,
1262 2133 1296 2175 se
1318 2113 1399 2175 deos

115 2227 240 2310 patrios
258 2233 292 2289 et
307 2232 453 2290 veterem
469 2227 662 2310 religionem
681 2227 853 2292 conatibus
873 2228 940 2292 suis
957 2251 1028 2292 esse
1044 2230 1273 2314 abrogaturos.
1307 2231 1401 2294 Inter

118 2368 230 2409 omnes
255 2352 365 2410 autem
385 2346 515 2419 fabulas
540 2348 582 2411 ad
606 2370 681 2410 suas
704 2347 870 2411 doctrinas
895 2348 1128 2432 significandas
1152 2357 1247 2435 aptas
1272 2351 1399 2414 nullam

116 2465 256 2529 fortasse
277 2466 438 2550 aptiorem
457 2466 678 2550 reperiebant,
703 2490 799 2550 quam
821 2490 903 2550 quae
925 2469 964 2532 de
980 2469 1194 2554 Proserpinae
1215 2470 1294 2534 fatis
1315 2477 1396 2535 erat.

115 2584 290 2668 Duplioem
308 2585 395 2649 enim
410 2586 443 2649 in
458 2587 592 2651 modum
609 2607 647 2650 ea
662 2586 712 2649 uti
726 2586 833 2650 licuit.
873 2588 1019 2652 Primum
1034 2588 1097 2652 iam
1115 2591 1202 2675 apud
1217 2591 1398 2655 Homerum

185 2857 194 2888 ¹
212 2860 333 2910 Nonnulli
351 2863 437 2911 mirati
455 2869 522 2923 sunt,
543 2865 672 2925 quomodo
690 2864 786 2914 factum
805 2873 881 2928 esset,
900 2874 929 2916 ut
946 2868 1098 2931 Pythagorei
1117 2877 1176 2918 ante
1195 2869 1259 2919 alios
1272 2869 1397 2933 Orphieas

115 2946 244 2995 doctrinas
263 2947 484 3010 amplecterentur.
520 2949 605 3012 Aegre
624 2950 693 2998 enim
711 2951 841 3001 obscoena
858 2959 883 3001 et
906 2954 1063 3004 tumultuosa
1082 2955 1252 3017 Orphicorum
1270 2957 1399 3006 Bacchica

115 3046 189 3080 sacra
211 3047 269 3080 cum
287 3032 390 3080 illorum
413 3026 545 3083 sancta'et
561 3036 679 3083 modesta
701 3037 753 3085 vita
771 3044 797 3086 et
820 3039 890 3086 cultu
907 3040 1036 3103 Apollinis
1055 3043 1199 3089 convenire.
1237 3040 1283 3090 Sin
1301 3057 1396 3105 sumas,

115 3115 242 3179 Orphicos
260 3118 362 3181 proprie
380 3133 431 3166 non
450 3119 551 3182 Zagrei,
571 3122 615 3169 sed
633 3118 735 3169 Cereris
754 3123 826 3185 orgia
844 3124 988 3174 celebrasse
1006 3132 1032 3174 et
1047 3126 1217 3190 Proserpinae
1234 3129 1398 3191 potissimum

114 3203 227 3251 fabulam
246 3212 347 3252 secutos
365 3206 489 3254 nonnulla
507 3206 537 3254 de
556 3207 656 3256 animae
675 3216 743 3256 sorta
761 3209 937 3273 praecepisse,
961 3225 1012 3259 non
1032 3218 1083 3270 est,
1107 3227 1152 3260 our
1169 3213 1281 3273 mireris,
1304 3213 1397 3276 Pytha-

113 3302 206 3350 goreos
230 3289 269 3336 vel
288 3288 459 3352 Pythagoram
484 3305 515 3339 ea
532 3307 583 3340 non
608 3292 693 3341 minus
712 3293 820 3343 libenter
843 3302 919 3357 atque
938 3295 1076 3344 Pindarum
1100 3298 1156 3361 (Ol.
1176 3299 1216 3357 ΙΙ,
1238 3305 1282 3347 101
1302 3316 1341 3364 aq.
1362 3299 1394 3348 cf.

115 3371 268 3433 Gcrhard‚
295 3375 313 3423 1.
334 3392 356 3424 c.
376 3377 411 3427 N.
438 3381 452 3423 8
473 3383 497 3425 et
519 3379 579 3438 110)
605 3379 743 3441 accepisse.
780 3380 938 3443 Pythagoras
962 3387 1059 3442 autem,
1085 3398 1137 3446 qua
1160 3391 1215 3432 erat
1237 3380 1395 3456 colupcblp,

113 3459 154 3507 vel
172 3458 342 3522 Pherecydes,
355 3459 431 3508 facile
449 3462 575 3523 genuinas
598 3463 655 3512 illas
675 3461 832 3512 Graecorum
850 3465 978 3515 doctrinas
1004 3469 1114 3529 quodam
1132 3468 1291 3533 Aegyptiaco
1310 3471 1395 3518 colore

112 3549 200 3598 fucare
223 3550 314 3612 potuit.
352 3548 418 3598 Cum
441 3559 527 3600 autern
545 3554 612 3616 apud
636 3554 707 3618 ipsos
725 3555 868 3619 Aegyptios
893 3556 1008 3605 doctrina
1026 3555 1057 3604 de
1081 3563 1149 3604 sorte
1173 3556 1314 3604 animarum
1337 3563 1396 3619 post

113 3642 221 3682 mortem
239 3634 325 3683 sutura
343 3635 553 3698 conjunctissima
576 3639 652 3689 fuerit
669 3655 728 3688 cum
746 3640 832 3689 sabula
856 3642 887 3689 de
907 3640 1015 3690 Osiridis
1032 3641 1058 3689 h.
1078 3657 1101 3690 e.
1112 3641 1226 3704 Dionysi
1245 3641 1315 3704 fatis,
1342 3642 1396 3690 fieri

113 3720 157 3768 vix
179 3720 274 3783 potuit,
301 3721 371 3783 quin·
387 3721 451 3769 haec
475 3737 577 3785 quoque
601 3725 739 3787 aliquando
763 3726 794 3774 ab
818 3725 936 3789 Orphicis
959 3727 1043 3790 poetis
1066 3727 1221 3790 reciperetur
1244 3734 1270 3776 et
1292 3734 1397 3791 propter

113 3806 224 3870 Dionysi
253 3809 292 3855 vel
315 3809 406 3871 Zagrei
436 3815 462 3857 et
484 3807 585 3858 Sabazii
610 3811 801 3862 similitudinem
824 3814 927 3862 tandem
951 3814 1027 3863 etiem
1050 3812 1161 3876 Phrygia
1184 3828 1257 3862 sacra
1280 3814 1396 3862 admitte·

113 3900 208 3941 rentur.
245 3892 420 3957 Pythagoreos
438 3902 523 3945 autem
543 3911 604 3945 suae
628 3913 687 3946 cum
706 3898 827 3962 Orphicis
851 3901 1043 3949 consuetudinis
1061 3899 1228 3964 poenituisse,
1250 3907 1395 3962 postquam,

114 3993 179 4040 qnae
203 3979 252 4042 ipsi
275 3979 411 4041 sevissent,
437 3996 598 4031 succrescere
616 3990 693 4046 atque
718 3984 877 4034 efflorescere
895 3987 1016 4046 viderint,
1041 4000 1094 4034 non
1111 3985 1248 4034 verisimile
1273 3991 1318 4033 est
1356 3984 1396 4033 Ita

112 4063 259 4112 Herodotus
276 4071 345 4113 recte
364 4066 467 4128 quidem
485 4067 569 4116 dicere
604 4068 687 4131 potuit
705 4069 755 4133 (II,
777 4069 845 4134 123),
866 4085 923 4119 eam
941 4086 1006 4134 quae
1024 4079 1078 4120 tum
1095 4071 1224 4119 ferebatur
1241 4071 1268 4118 in
1287 4069 1396 4119 Graecia

113 4150 255 4197 animarum
279 4151 437 4212 migrationis
461 4153 602 4202 doctrinam
624 4154 759 4219 Aegyptiis
783 4138 884 4220 deberi,
908 4172 956 4206 nee
980 4165 1065 4206 tamen
1089 4157 1242 4220 putandum,
1267 4155 1394 4218 Orphicos

112 4237 234 4284 mentitos
248 4252 304 4285 esse
322 4235 405 4306 τούτῳ
416 4241 454 4309 τῴ
472 4237 541 4310 λόγῳ
560 4241 595 4297 ὡς
614 4237 670 4310 ἰδίῳ
690 4239 788 4293 ἑαυτῶν
807 4240 872 4294 ἐόντι
889 4242 1075 4314 χρησαμένους.
1113 4241 1195 4290 Sicuti
1214 4240 1281 4289 enirn
1294 4241 1350 4288 Indi
1370 4248 1395 4290 et

112 4322 237 4384 Aegypti,
262 4322 299 4370 ita
317 4323 392 4371 ctiam
411 4322 503 4373 Graeci
527 4334 618 4390 suopte
636 4329 740 4391 ingenio
764 4329 816 4377 iam
834 4338 892 4378 ante
911 4331 1035 4393 Zagreum
1061 4330 1190 4377 invectum
1208 4327 1240 4375 ad
1265 4327 1393 4388 quandam

112 4407 311 4456 immortalitatis
330 4407 429 4457 animae
448 4409 588 4459 doctrinam
605 4412 737 4476 pervenire
754 4420 900 4478 potuerunt.
