3038 4988
669 231 840 326 *ao-

111 432 264 518 junctiva
279 433 441 496 vocabulo
457 442 544 518 ἠέλιον
559 431 672 495 addita
688 432 829 517 epitheti
844 433 917 496 loco
931 433 1093 495 habere?¹
1118 433 1237 496 Nonne
1250 433 1298 496 ita
1312 433 1398 516 opti·

115 576 187 617 mus
210 574 325 616 sensus
348 552 466 630 oritur,
490 551 517 613 si
538 558 615 634 post
636 550 723 634 ignis
746 560 780 615 et
802 573 921 634 aquae,
944 559 1052 615 terrae
1074 558 1108 614 et
1133 552 1218 615 coeli
1242 551 1398 636 syzygias
1428 619 1431 622 ,

115 678 326 757 opponuntur
340 672 419 735 luna
436 677 470 734 et
486 671 553 747 sol,
576 669 769 752 splendidus
786 671 869 734 lucis
890 670 1045 754 largitor,
1068 671 1263 734 tenebrosae
1285 671 1399 735 nocti?

114 792 234 873 Itaque
252 789 384 853 illorum
400 795 509 877 “Opaca
520 789 705 853 'auctoritas
721 789 804 853 nihil
820 791 911 854 valet
932 791 972 854 ad
989 790 1254 873 Rhapsodiarum
1269 791 1399 853 Phane-

114 918 184 974 tem
206 916 283 972 ante
305 908 448 972 Theonis
469 915 620 992 tempora
640 908 866 991 rejiciendum.
901 911 974 973 Nec
995 917 1107 973 tamen
1126 931 1259 992 prorsus
1280 909 1399 972 inutile

115 1030 184 1093 eius
206 1027 373 1092 Platonici
393 1027 622 1091 testimonium
644 1027 785 1091 videtur,
821 1029 869 1092 Ut
891 1029 978 1092 enim
998 1029 1050 1091 illi
1072 1027 1208 1112 Orphici
1227 1049 1341 1091 versus
1363 1049 1399 1091 re

114 1170 191 1212 vera
206 1148 289 1211 nihil
306 1149 346 1211 de
361 1154 474 1211 nostro
489 1149 638 1210 Phanete
654 1148 807 1231 prodant,
823 1155 936 1212 tamen
949 1149 1039 1212 Theo
1054 1150 1252 1232 Smyrnaeus
1270 1169 1325 1210 eos
1339 1147 1400 1210 ali-

115 1267 193 1351 quid
217 1268 354 1351 prodere
379 1267 531 1350 opinatus
558 1274 619 1330 est.
659 1267 809 1330 Noverat
828 1266 931 1351 igitur
951 1269 1132 1330 Phanetem
1154 1289 1172 1330 a
1195 1267 1271 1330 Sole
1292 1266 1400 1330 diver·
1448 1266 1449 1270 ’

115 1410 199 1450 sum.
233 1387 315 1453 Ouia
332 1394 442 1449 autem
457 1385 484 1448 is
502 1407 573 1449 esse
588 1385 700 1469 potuit
715 1386 779 1449 nisi
793 1387 896 1450 Metis
915 1388 968 1450 vel
985 1360 1211 1470 Eracapaeus?
1243 1388 1291 1449 At
1311 1386 1400 1450 unde

113 1506 204 1569 Theo
222 1506 290 1569 eius
307 1504 460 1569 notitiam
478 1504 626 1588 accepit?
656 1505 821 1569 Nimirum
838 1527 878 1569 ex
894 1506 1008 1570 eodem
1025 1506 1135 1583 fonte,
1154 1526 1194 1569 ex
1210 1528 1274 1588 quo
1292 1507 1399 1569 Athe·

114 1647 272 1707 nagorae,
296 1626 423 1688 Theoni
443 1624 510 1687 fere
534 1631 745 1703 coaetaneus,
769 1624 859 1688 illam
883 1625 1034 1708 sumpsit.
1067 1625 1200 1688 Etenim
1221 1646 1261 1687 ex
1283 1624 1399 1687 multis

113 1743 196 1806 locis
214 1743 472 1827 Supplicationis
489 1766 507 1805 a
524 1743 711 1807 Christiano
728 1746 905 1828 apologeta
925 1743 1178 1827 imperatoribus
1195 1746 1243 1807 M.
1261 1743 1397 1806 Aurelio

116 1870 150 1925 et
165 1863 205 1926 L.
225 1862 406 1926 Commodo
426 1887 454 1926 a.
474 1864 687 1927 CLXXVH²
708 1863 826 1927 missae
849 1871 1001 1949 apparet,
1024 1871 1095 1927 tum
1117 1863 1274 1948 temporis
1298 1886 1399 1946 quan-

116 1982 190 2045 dam
208 1982 388 2066 Orphicam
403 1982 630 2066 Theogoniam
649 1984 878 2066 pervulgatam
901 1983 1019 2062 fuisse,
1042 1983 1077 2048 in
1098 2006 1162 2066 qua
1184 1990 1313 2066 praeter
1335 1982 1401 2046 alia

114 2101 252 2166 mirifica
276 2101 410 2165 numina
435 2101 533 2165 etiam
559 2105 689 2165 Phanes
715 2103 761 2165 ex‘
780 2103 851 2165 Ovo
876 2111 973 2166 natus
1002 2103 1037 2166 in
1065 2125 1198 2166 scenam
1226 2101 1396 2186 prodierit.

114 2222 272 2304 Magnam
296 2228 404 2284 autem
428 2230 525 2285 nacta
548 2229 618 2284 erat
639 2222 884 2285 auctoritatem.
923 2223 964 2285 Id
987 2224 1074 2305 quod
1095 2221 1171 2285 inde
1194 2221 1397 2304 collegerim,

115 2341 203 2422 quod
220 2343 451 2424 Athenagoras
474 2363 514 2405 ex
536 2340 615 2425 ipsis
638 2340 678 2403 de
700 2340 762 2403 diis
784 2341 906 2404 fabulis
930 2363 1038 2404 earum
1062 2341 1242 2405 vanitatem
1265 2341 1400 2403 demon·

115 2466 278 2522 straturus
295 2483 360 2524 non
376 2459 439 2522 nisi
458 2460 547 2524 notis
570 2467 604 2524 et
624 2461 665 2524 ab
688 2460 839 2524 omnibus
857 2461 991 2524 Graecis
1008 2461 1230 2543 Romanisque
1250 2460 1400 2543 probatis

115 2577 264 2641 fontibus
282 2578 332 2642 uti
348 2579 469 2663 potuit.
502 2581 621 2663 Itaque
637 2603 830 2663 persuasum
845 2579 875 2642 ei
895 2580 995 2643 fuerit
1014 2603 1150 2644 necesse
1171 2587 1238 2658 est,
1262 2585 1400 2663 impera·

114 2702 220 2776 tores,
248 2720 384 2781 quorum
410 2699 627 2762 eruditionem
651 2699 805 2762 laudibus
831 2699 980 2777 extollit,
1007 2708 1137 2783 praeter
1160 2699 1342 2762 Homerum
1367 2706 1402 2760 et

88 2872 90 2875 .
115 2816 299 2881 Hesiodum
315 2818 414 2881 etiam
432 2819 601 2902 Orpheum
617 2840 683 2881 non
698 2806 889 2901 resputuros
912 2840 1000 2896 esse,
1024 2842 1043 2881 a
1065 2842 1128 2902 quo
1145 2819 1308 2881 Homerus
1330 2824 1401 2880 tam

116 2935 222 2998 multa
245 2937 458 3020 accepisset⁸.
493 2937 725 3001 Quaerendum
744 2936 847 3020 igitur
869 2945 935 3016 est,
958 2945 1069 3001 utrum
1092 2960 1128 3001 ea
1150 2937 1276 3021 Orphei
1294 2937 1401 3000 Theo-

115 3053 211 3135 gonia
228 3063 322 3118 vetus
344 3056 404 3119 illa
424 3056 539 3135 fuerit,
562 3079 657 3140 quam
680 3056 744 3120 iarn
761 3059 858 3121 Plato
881 3065 915 3121 et
931 3045 1132 3122 Aristoteles
1153 3057 1334 3129 triverunt,
1360 3079 1401 3119 an

117 3174 181 3237 alia
205 3175 398 3238 recentioris
424 3176 571 3259 originis.
613 3180 664 3240 Ac
688 3177 828 3261 primum
854 3177 986 3259 quidem
1011 3176 1140 3239 facilior
1163 3175 1244 3238 mibi
1268 3175 1401 3238 videtur

117 3293 311 3377 conjectura
327 3316 408 3371 esse,
426 3295 454 3358 si
467 3299 718 3379 Athenagoram
733 3319 833 3360 unam
848 3303 980 3359 tantum
991 3295 1171 3380 Orphicam
1186 3294 1402 3378 theogeniam

118 3413 249 3477 novisse
271 3422 468 3494 statuamus,
507 3416 611 3479 Nullo
634 3416 719 3480 enim
742 3416 815 3478 loco
838 3437 872 3478 se
895 3415 1040 3479 diversas
1065 3414 1157 3498 sequi
1178 3413 1320 3492 indicat,
1344 3414 1402 3476 sed

117 3531 204 3595 sicut
225 3556 328 3596 unum
345 3541 478 3598 tantum
493 3535 675 3599 Homerum
694 3542 727 3598 et
743 3535 936 3612 Hesiodum,
957 3533 1004 3596 ita
1026 3535 1126 3597 etiam
1148 3555 1249 3596 unum
1270 3539 1403 3596 tantum

185 3703 382 3774 1011900.
405 3712 452 3757 743
472 3709 658 3758 0οΖ011017.
679 3727 711 3768 0.,
730 3710 754 3767 Ι,
775 3710 853 3758 ian.
877 3712 898 3757 1.

185 3787 196 3819 ²
214 3790 255 3841 cf.
276 3791 442 3855 Gieseler,
462 3796 593 3844 Lehrbuch
611 3796 658 3844 der
675 3795 927 3857 Kirelceapeaclriehte
940 3794 975 3856 (4.
990 3794 1073 3860 Aust„
1085 3795 1161 3842 Bona
1175 3791 1261 3854 1844),
1281 3792 1304 3850 I,
1317 3791 1339 3851 I,
1353 3795 1402 3840 206

81 3896 84 3902 ·
116 3883 142 3924 et
159 3874 251 3938 Otto,
270 3879 374 3942 Prolep.
395 3882 430 3928 ad
447 3883 627 3943 Athenagorae
645 3895 725 3944 opera
743 3877 836 3941 (Jeaae
856 3878 934 3941 1857)
949 3897 979 3944 p.
998 3877 1129 3927 LXXIV.

184 3957 255 4011 ⁸0f.
275 3980 297 4013 o.
321 3968 349 4013 17
364 3981 395 4029 p.
417 3969 461 4014 74:
485 3963 554 4034 φημὶ
577 3959 620 4013 oda
636 3956 735 4033 Ὀρφέα
758 3962 803 4013 καὶ
814 3955 934 4032 Ὅμηρον
956 3961 1001 4013 καὶ
1015 3958 1134 4013 Ἡσίοδον
1156 3959 1221 4012 εἶναι
1239 3960 1306 4019 nal„
1326 3978 1348 4010 c.
1372 3964 1402 4008 18

112 4064 142 4112 p.
162 4049 208 4096 84:
228 4039 249 4117 ᾦ
269 4049 318 4112 (00.
338 4048 455 4113 Orpheo)
480 4048 524 4100 ani
540 4042 660 4118 Ὅμηρος
676 4045 709 4098 τὰ
727 4045 811 4098 πολλὰ
829 4046 874 4098 καὶ
895 4047 953 4118 περὶ
975 4045 1044 4099 θεῶν
1063 4045 1173 4116 μάλιστα
1192 4044 1288 4098 ἕπεται.
1324 4045 1403 4109 Apud

116 4133 246 4182 Romanos
273 4134 305 4183 iis
332 4135 490 4198 temporibus
514 4134 647 4198 Orpheum
672 4149 791 4197 magnam
818 4141 922 4183 nactum
949 4147 1006 4182 esee
1033 4132 1214 4192 celebritatem,
1243 4131 1322 4180 etiam
1345 4132 1403 4179 eins

116 4219 203 4283 imago
226 4221 253 4270 in
275 4220 384 4269 Larario
402 4221 544 4270 Alexandri
568 4219 655 4270 Severi
679 4220 805 4269 collocata
830 4220 987 4285 (Latmia,
1005 4219 1083 4268 Ales.
1104 4218 1162 4268 800.
1181 4217 1227 4280 29)
1252 4217 1403 4280 comprobat

117 4312 143 4354 et
165 4305 281 4369 picturae
306 4304 511 4356 Christianorum
532 4307 559 4356 in
584 4305 741 4355 eataccmbie
764 4313 894 4368 repertae,
922 4303 966 4352 nbi
989 4302 1059 4351 haud
1080 4316 1138 4351 raro
1162 4301 1280 4366 Orpheus
1308 4301 1402 4351 fidicen

116 4391 236 4440 occurrit.
1039 4396 1041 4401 ’
