3038 4988
737 217 777 276 22

114 440 225 482 orsum
247 439 329 481 esse.
369 417 403 480 Si
425 417 511 482 enim
528 418 672 481 omnium
694 417 847 501 princeps
862 418 940 482 Nox
955 426 1017 497 est,
1042 425 1146 497 strata
1162 421 1215 484 via
1235 423 1276 485 ab
1294 443 1331 485 ea
1347 395 1415 486 est.

113 559 217 620 usque
242 538 283 600 ad
305 538 432 615 Jovem,
460 559 622 599 summum
645 537 782 600 deorum
804 537 1037 621 hominumque
1059 561 1183 622 regem,
1210 548 1244 603 et
1266 542 1307 604 ad
1329 541 1399 605 eius

113 656 247 733 liberos,
265 678 325 720 nec
342 665 404 734 est,
423 679 480 720 cur
495 655 632 733 11110110,
649 655 741 719 illam
756 655 791 719 in
806 655 1002 739 fragmentis
1018 647 1088 721 tam
1104 680 1200 743 saepe
1217 666 1251 722 et
1267 660 1397 723 honori-

114 780 175 842 fice
192 775 451 841 commemorari.
488 776 573 838 Nam
591 796 665 837 cum
687 781 793 838 mater
809 775 853 838 sit
869 775 1015 838 omnium
1032 777 1197 856 deorum,¹
1220 801 1398 861 sanequam

114 898 215 980 digna
240 903 306 974 est,
332 917 414 978 quae
439 894 543 978 prima
567 915 706 977 regnam
730 894 875 957 tenuerit
899 915 1003 978 eoque
1027 896 1113 978 proli
1137 919 1214 961 suae
1240 920 1397 979 concesso

114 1039 241 1082 summo
263 1017 304 1079 ab
327 1015 477 1077 omnibus
501 1012 562 1076 diis
584 1015 708 1077 honore
730 1014 848 1076 affecta
869 1013 903 1076 in
924 1021 1025 1077 antro·
1042 1037 1100 1078 suo
1118 1016 1241 1096 sedeat,
1266 1018 1398 1081 oracula

115 1139 203 1215 edat,
227 1138 405 1199 Saturnum
430 1134 560 1218 educet,
584 1133 659 1196 Jovi
680 1155 763 1215 quae
790 1131 939 1195 facienda
960 1133 1027 1195 sint
1043 1135 1199 1225 suadeat.
1245 1137 1397 1220 Interpo-

115 1259 201 1320 lator
222 1276 310 1331 vero,
338 1275 411 1316 cum
433 1255 515 1315 haec
536 1252 584 1314 ita
600 1251 760 1334 disposita
775 1250 966 1330 invenisset,
990 1253 1089 1317 simul
1110 1254 1399 1338 philosophemata

115 1399 173 1440 sua
194 1373 376 1437 immiscere
399 1371 536 1456 cupidus
559 1378 725 1434 ettamen
746 1370 883 1449 veritus,
908 1393 948 1434 ne
970 1378 1080 1435 totum
1101 1374 1223 1436 veteris
1246 1373 1398 1437 carminis

115 1494 263 1559 ordinem
284 1492 433 1554 funditus
457 1496 631 1568 everteret,
654 1491 794 1553 fortasse
816 1489 864 1552 ita
885 1491 1008 1553 nodum
1030 1492 1208 1575 expedivit,
1233 1500 1272 1554 ut
1295 1494 1398 1556 Chro-

114 1637 204 1690 num,
228 1612 337 1674 Chaos
355 1613 611 1692 Aetheremque,
635 1616 801 1692 postremo
818 1611 1000 1674 Phanetem
1023 1633 1064 1674 ex
1081 1612 1152 1674 Ovo
1175 1619 1290 1675 natum
1305 1632 1398 1695 prae-

114 1735 233 1816 figeret-
258 1730 405 1813 quidem,
434 1728 587 1812 praefixis
612 1734 722 1791 autem
751 1751 890 1810 regnum
914 1731 1055 1793 Phaneti
1080 1731 1270 1813 ademptum
1295 1730 1399 1792 Nocti

114 1851 316 1916 restitueret.
342 1848 416 1911 Quo
432 1847 521 1910 facto
534 1869 637 1931 paene
653 1847 771 1926 omnia,
788 1870 870 1930 quae
882 1851 1113 1932 sequebantur,
1130 1856 1259 1932 praeter
1269 1851 1397 1912 Phane-

114 1971 158 2034 tis
170 1969 339 2053 catapcsin
350 1968 525 2030 immutata
541 1966 724 2050 relinquere
742 1967 771 2029 ei
780 1966 886 2030 licuit.
912 1968 1009 2031 Haud
1019 1968 1139 2032 inscita
1148 1968 1247 2031 ratio!
1274 1969 1398 2030 Quam·

115 2112 212 2173 quam
234 2091 296 2151 hoo
318 2087 524 2150 incommode
547 2085 678 2163 accidit,
701 2092 793 2149 uteo
816 2087 913 2150 modo
935 2087 1052 2150 novitii
1068 2088 1226 2150 Phanetis
1248 2088 1306 2149 lux
1322 2109 1399 2149 mox

114 2231 226 2273 rursus
243 2205 510 2288 exstingueretur
531 2204 653 2268 veteris
668 2204 789 2268 Noctis
805 2206 1003 2270 auctoritate
1020 2218 1118 2288 atque
1134 2205 1331 2289 principatu.

202 2325 353 2402 Accedit,
381 2325 478 2406 quod,
506 2324 533 2386 si
554 2325 632 2387 Nox
656 2325 724 2387 filia
740 2325 896 2388 Phanctis
921 2333 982 2404 est,
1008 2332 1076 2388 tres
1099 2325 1247 2388 existunt
1270 2331 1397 2401 1100100,

116 2447 219 2531 prima
241 2466 323 2528 quae
347 2466 421 2506 cum
437 2444 565 2506 Chaote
589 2444 765 2527 conjuncta
785 2446 839 2508 vel
855 2445 895 2508 ab
918 2448 956 2507 eo
972 2468 1039 2507 11011
1061 2444 1190 2508 diversa
1209 2450 1270 2521 est,
1295 2444 1400 2506 altera

117 2567 156 2630 de
173 2588 237 2649 qua
253 2585 338 2628 nuno
354 2563 529 2646 loquimur,
547 2563 647 2626 tertia
663 2564 821 2626 naturalis
839 2585 920 2647 quae
937 2572 1123 2627 nostrorum
1140 2563 1256 2645 cuique
1274 2563 1399 2626 dierum

116 2684 276 2749 succedit.
313 2683 364 2746 De
381 2683 499 2766 quibus
516 2682 663 2766 quamvis
686 2682 902 2746 subtilissima
917 2690 955 2745 ut
971 2683 1057 2745 solet
1079 2689 1149 2746 arte
1165 2682 1316 2745 Hermias
1333 2682 1398 2744 dis-

115 2804 243 2888 putet,²
258 2811 371 2867 tamen
387 2825 437 2865 me
457 2824 521 2864 non
538 2801 732 2886 poenitebit,
756 2802 879 2884 primae
895 2802 1055 2865 iacturam
1070 2800 1188 2865 fecisse
1208 2801 1399 2883 mediaeque

116 2924 257 3008 primum
277 2923 388 2985 locum
403 2921 599 2999 vindicasse,
623 2943 705 3005 quae
722 2943 849 2984 sorores
871 2923 1017 2984 aemulas
1033 2921 1134 2984 etiam
1153 2920 1187 2982 in
1203 2920 1399 3003 fragmentis

115 3044 163 3106 ita
180 3042 343 3126 dignitate
360 3043 522 3124 superet,³
545 3047 583 3103 ut
599 3040 639 3103 de
656 3062 694 3103 ea
709 3040 915 3123 potissimum
933 3040 966 3103 in
986 3047 1098 3104 vetere
1114 3041 1198 3103 libro
1215 3060 1399 3102 sermonem
1472 3057 1474 3061 ⁴

116 3162 218 3225 fnisse
235 3161 422 3224 etiamnunc
440 3159 533 3243 quasi
548 3182 606 3242 per
619 3167 816 3223 transennas
833 3167 1000 3244 appareat.

203 3280 310 3357 Adde,
329 3279 416 3363 quod
432 3277 693 3362 fragmentorum
709 3279 888 3343 fabricator
903 3279 1033 3343 facilius
1049 3279 1177 3342 veniam
1194 3278 1398 3361 impetrabit,
1469 3314 1472 3321 ·

117 3400 275 3463 Phanetis
298 3399 464 3462 nascentis
487 3398 720 3482 spectatricem
741 3399 884 3461 Noctem
906 3398 1006 3461 filiam
1030 3399 1189 3481 fingenS‚⁴
1215 3397 1243 3459 si
1264 3397 1296 3459 id
1318 3395 1399 3459 fecit

117 3519 210 3602 quasi
226 3518 425 3582 auctoritate
440 3517 562 3580 veteris
580 3517 731 3580 carminis
748 3526 875 3600 captus,
897 3541 959 3600 quo
976 3519 1121 3581 Noctem
1137 3516 1400 3599 antiquissimam

117 3639 211 3702 deam
237 3660 308 3702 esse
330 3637 502 3700 etiamtum
528 3659 762 3720 nonnunquam
785 3636 814 3699 ei
836 3637 983 3720 quamvis
1008 3636 1112 3700 invito
1134 3636 1396 3722 persuaderetur,

186 3862 246 3901 ¹—
264 3860 385 3914 -θεῶν
403 3860 494 3932 τροφὸς
513 3857 639 3930 ἀμβροσίη
659 3856 714 3919 Νύξ
733 3860 807 3925 (Api.
823 3879 852 3927 p.
874 3863 945 3926 501).

185 3946 246 4000 ”In
263 3950 377 3999 Paaear.
393 3966 422 4012 p.
446 3953 493 3996 144
512 3947 586 4010 (aql.
602 3964 632 4011 p.
654 3947 725 4009 soa).

185 4030 244 4086 8Ἥ
264 4030 347 4103 αἰδοίη
367 4034 398 4082 ab
418 4031 521 4095 Orpheo
539 4039 645 4081 vocatur
664 4032 738 4097 (Agl.
755 4052 784 4098 p.
806 4038 869 4096 5023
891 4035 925 4084 cs.
944 4036 1020 4083 etiam
1036 4052 1065 4100 p.
1086 4034 1156 4097 514).

184 4120 196 4149 ⁴
331 4116 495 4190 Πρωτόγονόν
511 4135 541 4186 γε
560 4117 607 4184 μὲν
625 4113 692 4173 οὔτις
711 4117 851 4190 ἐπέδρααεν
868 4117 1038 4190 ὀφθαλμοῖσιν

331 4202 409 4271 εἰμὴ
429 4199 483 4262 Νὺξ
503 4201 557 4273 ἱερὴ
578 4202 673 4272 μούνη·
693 4203 716 4255 οἱ
735 4199 754 4254 θ’
775 4201 849 4256 ἄλλοι
866 4202 977 4262 ἅπαντες

330 4287 463 4357 θαύμαζον
480 4285 643 4358 καθορῶντες
661 4288 688 4339 ἐν
707 4287 790 4361 αἰθέρι
807 4290 899 4360 φέγγος
916 4288 1038 4342 ἄελπτον·

330 4380 398 4426 τοῖον
418 4374 593 4446 ἀπέστραπτεν
610 4375 687 4446 χροὸς
706 4371 843 4427 ἀθανάτοιο
862 4373 980 4446 Φάνητος
998 4377 1072 4442 (Aac.
1088 4394 1118 4442 p.
1138 4378 1210 4441 481).
