3038 4988
753 245 793 306 38

392 446 475 498 πάντα
495 443 514 498 δ’
536 446 686 518 ἀποκρύψας
705 444 779 505 αὖθις
796 447 861 519 φάος
882 448 908 505 ές
926 446 1072 518 πολυγηθέα

391 547 486 616 μέλλεν
506 547 555 600 ἀπὸ
573 547 681 620 κραδίης
699 551 834 621 προφέρειν
850 549 914 602 πάλι
931 549 1044 602 θέσκελα
1064 549 1144 622 ρέζων

119 650 310 714 habendum
327 657 390 712 est.
415 650 581 712 Praebent
598 649 685 712 enim
696 651 861 733 quandam
877 650 1086 734 antiquitatis
1103 651 1245 735 speciem
1263 651 1318 736 (cs.
1331 652 1412 716 Hes.

117 771 244 852 Theog.
263 793 294 832 v.
314 771 394 844 1573
412 773 486 846 460,
504 773 578 847 487,
596 774 677 845 4953
697 773 877 848 886-900,
896 773 981 853 924).
1014 772 1080 834 Sed
1096 771 1152 855 qui
1169 793 1283 835 sensus
1301 793 1413 835 eorum

117 896 217 972 atque
239 889 344 951 forma
367 887 400 950 in
417 896 528 952 vetere
546 887 688 953 carmine
705 888 823 967 fuerit,
847 889 913 953 dici
934 912 1000 953 non
1016 898 1140 974 potest.
1188 894 1317 954 Auctor
1337 890 1414 954 libri

118 1010 158 1073 de
180 1008 323 1085 Mundo,
349 1008 404 1091 qui
424 1006 548 1092 primus
570 1030 626 1072 eos
643 1017 894 1086 commemorat,
918 1010 972 1072 vel
993 1009 1063 1093 ipse
1085 1032 1140 1073 eos
1164 1009 1342 1074 mutavisse
1359 1011 1413 1074 vel

118 1135 264 1192 mutatos
281 1127 448 1210 accepisse
464 1127 606 1191 videtur.
653 1128 701 1190 Ut
722 1128 808 1191 enim
824 1129 1036 1211 praecedenti
1056 1129 1231 1192 enunciato
1247 1138 1315 1204 Ζεὺς
1331 1139 1414 1220 ἀρχὸς

118 1257 241 1316 ἁπάντων
264 1256 448 1333 ἀργικέραυνος
469 1253 663 1330 argumento
687 1254 814 1325 essent,
843 1247 1027 1312 mutatione
1048 1271 1130 1331 opus
1153 1256 1223 1312 erat
1243 1257 1343 1323 πάντας
1361 1259 1426 1335 γὰρ·

117 1374 220 1454 κρύψας
241 1374 275 1430 θλ
296 1373 323 1442 ἐξ
341 1377 414 1453 ἱερῆς
428 1375 539 1453 κραδίης
555 1376 726 1452 ἀνενέγκατο,
749 1367 903 1449 quoniam
919 1374 1049 1452 tempus
1069 1368 1299 1450 imperfectum
1316 1377 1413 1454 μέλλεν

119 1486 291 1549 contextui
309 1508 375 1548 non
398 1495 511 1569 aptum
529 1492 611 1549 erat.
659 1485 752 1549 Quae
768 1494 878 1549 tamen
897 1487 1041 1551 sincerae
1058 1487 1211 1550 lectionis
1229 1486 1411 1570 corruptio·

102 1696 104 1699 ἡ
118 1627 176 1668 nes
192 1627 259 1668 non
275 1606 364 1668 solae
381 1605 552 1668 habendae
569 1612 663 1682 sunt,
689 1628 762 1668 cum
784 1607 849 1669 iam
871 1614 948 1670 ante
964 1606 1086 1669 falsum
1102 1605 1320 1670 Aristotelem
1336 1605 1410 1668 lim-

118 1724 213 1808 pidos
231 1724 395 1807 Orphicae
411 1724 600 1806 theologiae
616 1725 727 1788 fontes
744 1749 762 1788 a
779 1726 921 1808 quodam
936 1726 1068 1788 falsario
1085 1726 1238 1789 turbatos
1255 1747 1327 1789 esse
1344 1749 1411 1788 non

119 1963 230 2046 potius
247 1986 344 2046 quam
360 1963 428 2056 veri
446 1964 570 2046 Orphei
581 1964 800 2047 Genealogias
817 1972 950 2029 secutus
968 1966 1039 2028 est?
1070 1964 1309 2048 Hieronymum
1325 1965 1409 2026 mul-

46 2114 57 2127 ν
118 2089 189 2146 tum
214 2082 316 2146 fuisse
340 2083 375 2145 in
398 2082 557 2145 Phanotis
584 2091 658 2145 ortu
683 2091 782 2166 atque
808 2084 955 2167 cataposi
980 2083 1211 2161 decantandiS,
1245 2106 1344 2166 supra
1369 2105 1409 2146 ex

121 2204 355 2284 Athenagorae
381 2201 584 2284 aliorumque
607 2202 738 2285 scriptis
761 2203 1024 2266 demonstratum
1047 2210 1114 2278 est,
1142 2202 1308 2265 Pisistrati
1330 2225 1406 2266 vero

120 2321 311 2404 aequalibus
333 2324 419 2384 hunc
437 2322 535 2384 deum
551 2329 666 2384 notum
682 2321 800 2400 fuisse,
823 2344 918 2385 nemo
940 2322 1188 2385 veterrimorum
1210 2323 1408 2405 scriptorum

120 2441 295 2504 memoriae
317 2441 466 2505 tradidit.
515 2440 642 2503 Quodsi
658 2448 844 2524 temporum
860 2441 1003 2505 rationes
1021 2464 1086 2504 non
1108 2441 1305 2524 impediant,
1331 2464 1410 2524 quo·

121 2561 228 2623 minus
244 2559 339 2623 illum
350 2559 543 2623 Aristotelis
560 2560 784 2623 simulatorem
795 2559 989 2644 Hieronymi
1000 2582 1131 2624 carmen
1146 2560 1267 2643 legisse
1284 2568 1410 2623 statua·

121 2702 203 2757 mus,
222 2680 329 2742 minus
340 2679 467 2762 negotii
478 2679 550 2757 erit,
569 2680 685 2742 sicam
702 2681 741 2742 ab
753 2682 892 2743 hocnon
907 2687 1048 2754 ¹avetere
1061 2680 1193 2763 Orpheo
1209 2679 1286 2742 illos
1297 2701 1409 2743 versus

121 2799 287 2882 accepisse
307 2799 402 2862 nobis
417 2799 682 2882 persuadeamus.
718 2799 800 2861 Cum
822 2806 932 2862 autem
952 2820 1056 2880 nuper
1069 2799 1272 2862 Zellerus¹
1296 2805 1410 2861 contra

120 2919 175 2980 Ro
184 2917 282 2981 sium
294 2919 415 2981 librum
426 2919 466 2982 de
477 2919 603 2981 Mundo
620 2919 689 2982 fere
702 2917 809 2981 medio
821 2919 952 2981 saeculo
969 2941 988 2981 a
999 2918 1060 2980 Oh.
1072 2918 1172 2982 tertio
1187 2918 1410 3001 conscriptum

121 3059 192 3101 esse
209 3037 375 3101 dicentem
397 3037 529 3120 egregie
547 3037 824 3120 comprobaverit,
847 3037 918 3120 ejus
940 3045 1108 3100 auctorem
1124 3060 1189 3101 non
1206 3040 1311 3101 multo
1333 3045 1410 3101 ante

120 3157 174 3220 vel
194 3164 270 3239 post
288 3156 457 3219 Christum
472 3165 587 3221 natum
603 3155 741 3234 vixisse,
763 3156 891 3234 nescio,
915 3179 972 3220 cur
987 3156 1045 3219 illa
1057 3162 1188 3246 Ὀρφικά,
1209 3179 1292 3240 quae
1315 3158 1407 3235 citat,

120 3298 188 3338 non
208 3275 378 3360 potuerint
398 3298 469 3340 esse
492 3275 686 3360 Hieronymi
701 3275 909 3358 Theogonis,
934 3299 1031 3359 quam
1051 3299 1116 3340 non
1138 3276 1185 3340 ita
1206 3278 1311 3340 multo
1334 3285 1410 3360 post

121 3395 337 3458 Plutarchum
353 3395 514 3478 respicere
526 3394 841 3479 supraviderimus⁹.
867 3394 965 3458 Quod
978 3395 1006 3457 si
1021 3395 1068 3458 ita
1078 3404 1140 3474 est,
1158 3397 1213 3459 vix
1224 3396 1408 3479 continget,

122 3512 282 3578 'sinceram
297 3515 430 3578 illorum
446 3537 600 3579 versuum
616 3514 794 3578 lectionem
809 3514 996 3578 restituere.
1037 3515 1257 3599 Hieronymus
1275 3516 1361 3579 enim
1377 3517 1410 3579 in
1476 3532 1480 3539 '

121 3633 304 3696 Phanetem
320 3633 531 3697 transtulisse
547 3633 689 3711 videtur,
707 3655 789 3715 quae
806 3633 933 3717 proprie
951 3635 990 3698 de
1006 3635 1123 3717 Zagrei
1140 3636 1192 3699 vel
1209 3635 1407 3713 deMetidis,

121 3752 290 3817 Minervae
307 3753 433 3832 matris,
456 3754 604 3836 cataposi
620 3753 709 3816 dicta
725 3760 829 3815 erant.
875 3754 1018 3836 „Zagrei
1034 3753 1120 3817 enim
1137 3776 1192 3817 cor
1208 3763 1408 3819 maceratum

121 3872 270 3936 hausisse
287 3873 306 3934 J
308 3894 403 3935 ovem
419 3894 523 3955 eoque
544 3872 633 3935 intus
651 3879 810 3954 concepto
827 3873 1066 3954 proseminasse
1083 3873 1177 3956 quasi
1192 3875 1333 3937 alterum
1349 3875 1409 3937 Za-

121 4013 253 4074 greum,
277 3991 462 4075 Dionysum
477 3991 673 4069 iuniorem“,
696 3991 861 4073 sagaciter
877 3991 1063 4075 suspicatur
1078 3991 1310 4056 Irobeckius
1328 3994 1407 4076 Agl.

121 4132 154 4193 p.
174 4115 246 4174 560.
294 4110 351 4174 Sin
368 4110 476 4176 omnia
490 4111 607 4194 Zagrei
628 4117 662 4174 et
678 4111 934 4174 Bacchanalium
953 4110 1076 4174 rituum
1092 4112 1249 4194 vestigia,
1271 4113 1306 4176 id
1321 4113 1409 4196 quod

192 4317 532 4381 ¹Lamama

191 4403 201 4434 ²
219 4407 338 4456 Fortasse
351 4414 410 4456 ante
423 4337 588 4456 Plutardhum
600 4405 678 4454 etiam
688 4403 821 4454 Valerium
835 4402 962 4453 Soranum
976 4419 1033 4454 eam
1044 4405 1147 4468 legisse,
1160 4406 1237 4454 modo
1250 4406 1346 4454 dictum
1359 4415 1405 4454 est.
