3038 4988
670 223 840 317 -.5-6-

114 436 263 515 Κέρκωπος
276 438 325 495 τοῦ
341 432 533 511 Πυθαγορείου.
563 423 618 487 Ab
635 423 784 507 Epigenc
800 423 912 506 igitur,
937 446 1034 507 quem
1049 425 1271 491 Lobeckius
1293 430 1397 513 suspi-

116 554 209 610 catur
232 545 372 629 primum
397 543 498 606 fuisse
524 542 744 626 Orphicorum
770 543 947 607 carminum
973 544 1194 609 ordinatorem
1218 548 1272 611 vel
1296 547 1397 612 inter·

114 667 270 750 pretem‚¹
283 663 448 746 quoddam
459 662 641 746 Orphicum
658 685 798 741 carmen,
817 665 905 746 quod
921 670 991 727 erat
1007 663 1202 749 inscriptum
1213 674 1298 754 Ἱερὸς
1312 678 1400 754 λόγος,

115 783 255 868 Cercopi
275 785 486 868 Pythagoreo
508 783 673 846 tributum
695 791 757 846 est.
804 783 891 847 Hinc
912 783 1015 867 igitur
1036 783 1084 848 ita
1108 786 1150 849 ad
1171 785 1399 870 Theogoniam

114 910 269 987 pergunt.
316 903 422 965 letum
447 911 517 988 ἱερὸν
540 911 616 988 λόγον
639 925 705 965 non
730 902 896 966 diversum
920 925 992 966 esse
1021 904 1061 968 ab
1087 915 1164 992 ἱεροῖς
1186 916 1285 992 λόγοις,
1316 928 1400 988 quos

116 1024 232 1088 Suidas
255 1047 273 1086 a
294 1021 462 1086 nonnullis
484 1020 517 1104 (i.
542 1043 569 1084 e.
589 1021 737 1106 Epigono
760 1030 794 1087 et
818 1023 869 1102 iis,
894 1022 949 1106 qui
971 1044 1046 1086 eum
1068 1026 1302 1109 sequebantur)
1320 1025 1398 1089 Cer·

116 1144 189 1228 copi
213 1141 372 1206 vindicari
392 1141 515 1204 tradat.
551 1148 652 1228 Ἱεροὺς
673 1151 783 1206 autem
808 1152 900 1228 λόγους
920 1141 955 1205 in
979 1142 1099 1226 viginti
1120 1152 1278 1226 quattuor
1301 1147 1399 1228 rhap-

115 1263 225 1326 sodias
250 1261 398 1344 digestos
429 1283 495 1323 non
520 1261 610 1325 aliud
641 1283 712 1325 esse
738 1284 868 1326 carmen
898 1270 998 1346 atque
1023 1264 1260 1346 Theogoniam.
1307 1264 1399 1347 Ergo

115 1387 201 1447 hane
224 1405 243 1444 a
266 1381 411 1464 Cercope
432 1382 663 1465 Pythagoreo²
686 1382 843 1464 scriptam
866 1403 948 1446 esse.
995 1382 1056 1448 Cui
1080 1389 1192 1445 tamen
1214 1383 1400 1447 sententiae

115 1502 197 1566 mihi
211 1501 318 1564 multa
333 1500 488 1563 videntur
504 1501 647 1564 obstare.
674 1502 827 1564 Clemens
844 1503 962 1564 Alex.a
988 1508 1115 1589 Ὀρφεὺς,
1131 1501 1249 1585 innuit,
1267 1512 1339 1588 μετὰ
1352 1513 1402 1588 τὴν

114 1638 167 1692 τῶν
183 1630 277 1708 ὀργίων
298 1628 463 1708 ἱεροφαντίαν
477 1628 521 1687 καὶ
535 1635 588 1689 τῶν
609 1627 729 1689 εἰδώλων
746 1631 795 1707 τὴν
814 1629 955 1707 θεολογίαν
974 1630 1134 1708 παλινῳδίαν
1153 1629 1282 1708 ἀληθείας
1304 1626 1402 1708 εἰςοίγει

115 1752 160 1810 τὸν
174 1750 243 1827 ἱερὸν
257 1747 340 1812 ὄντως
357 1748 407 1826 ὀψέ
422 1771 488 1808 ποτε
504 1747 578 1826 ὅμως
593 1745 613 1808 δ’
631 1746 677 1808 οὖν
692 1745 766 1827 ᾅδων
781 1742 883 1826 λόγον·4

329 1856 471 1930 φθέγξομαι
489 1857 527 1916 οἷς
544 1856 619 1927 θέμις
638 1859 698 1912 ἐστί·
718 1858 798 1932 θύρας
816 1857 836 1911 δ’
856 1858 975 1913 ἐπίθεσθε
996 1860 1115 1931 βεβήλοις
1126 1860 1184 1912 κτλ.

116 1963 162 2025 Et
183 1961 397 2024 Aristobulus
420 1961 506 2043 apud
528 1961 744 2024 Eusebiumz⁵
772 1967 889 2049 Ὀρφεὺς
911 1973 937 2031 ἐν
956 1973 1085 2050 ποιήμασι
1104 1977 1158 2031 τῶν
1177 1973 1248 2032 κατὰ
1267 1973 1313 2032 τὸν
1332 1971 1404 2049 ἱερὸν

116 2092 192 2168 λόγον
219 2089 293 2168 αὐτῷ
322 2091 471 2167 λεγομένων
495 2088 580 2155 οὕτως
604 2089 736 2149 ἐκτίθεται
759 2090 820 2168 περὶ
842 2094 890 2150 τοῦ
915 2091 1114 2168 διακρατεῖσθαι
1143 2091 1206 2169 θείᾳ
1235 2092 1346 2168 δυνάμει
1366 2091 1403 2150 τὰ

114 2211 223 2270 πάντα.
239 2253 246 2268 .
262 2253 292 2268 ..

330 2318 471 2390 φθέγξομαι
488 2319 545 2371 κτλ.

118 2421 305 2486 Aristobuli
320 2420 423 2503 igitur
439 2427 473 2484 et
490 2421 671 2484 Clementis
687 2428 835 2505 ternpore
850 2420 908 2484 ille
924 2444 1037 2485 versus
1053 2421 1117 2485 iam
1134 2421 1285 2485 Platoni⁶
1302 2429 1405 2485 notus

117 2542 293 2625 legebatur
308 2540 341 2603 in
363 2540 504 2603 carmine
524 2548 606 2628 Ἱερὸς
620 2550 696 2627 λόγος
714 2540 885 2623 inscripto.
917 2544 966 2604 At
981 2543 1044 2604 hoo
1062 2563 1192 2604 carmen
1213 2563 1279 2605 non
1294 2541 1404 2604 'Pheo-

117 2661 250 2745 goniam
266 2659 379 2738 fuisse,
398 2659 456 2723 sed
471 2669 607 2747 Διαθιῇκας
620 2660 674 2722 vel
684 2659 900 2738 Palinodiam,
919 2682 1018 2742 quam
1032 2668 1130 2724 vocat
1145 2659 1402 2738 Lobeckius,'

119 2780 219 2844 exiis
242 2802 325 2863 quae
341 2779 420 2862 Agl.
444 2803 476 2863 p.
499 2783 562 2842 438
579 2803 628 2862 sq.
652 2779 754 2842 allata
776 2786 854 2842 sunt
876 2779 956 2842 satis
978 2779 1191 2843 manifestum
1213 2787 1275 2843 est.
1312 2779 1403 2843 Pali·

117 2900 251 2963 nodiam
266 2906 377 2963 autem
400 2904 475 2982 post
491 2898 698 2962 Clementem
714 2899 812 2961 Alex.
830 2921 895 2961 una
917 2920 992 2961 eum
1007 2899 1205 2982 Rhapsodiis
1228 2921 1269 2962 ex
1288 2906 1404 2962 vetere
1438 2896 1443 2906 ’

118 3017 309 3102 Theogonis
326 3025 359 3080 et
375 3017 569 3102 Hieronymi
584 3017 795 3101 Genealogiis
813 3018 961 3081 conflatis
977 3018 1011 3081 in
1026 3042 1127 3082 unum
1145 3041 1262 3102 corpus
1278 3018 1401 3107 Orphi-

119 3160 192 3201 cum
209 3139 479 3222 comprehensam
499 3144 534 3201 et
548 3139 716 3202 redactam
733 3139 835 3216 οεοο,8
857 3138 946 3201 haud
961 3138 1161 3222 negaverim.
1198 3139 1244 3202 Et
1259 3137 1404 3201 fortasse

186 3361 275 3428 ¹A9l.
292 3383 321 3430 p.
342 3370 401 3413 340.

185 3447 196 3478 ²
214 3448 361 3499 Gerhard
381 3451 452 3516 (leber
467 3452 589 3516 Orpheus,
602 3451 636 3500 N.
652 3447 712 3512 156)
731 3450 762 3498 de
778 3447 894 3512 Cercope
912 3449 1015 3500 Milesio
1033 3448 1197 3510 verbascum,
1218 3462 1295 3511 quem
1312 3455 1402 3512 aperte

116 3550 169 3584 non
193 3535 319 3583 diversum
344 3550 400 3584 esse
418 3551 434 3584 α
452 3535 613 3599 Pythagoreo
635 3535 741 3597 putavit.
780 3533 903 3584 Similiter
921 3535 1058 3594 Ritschl,
1082 3535 1120 3583 vir
1144 3534 1332 3593 celeberrimus,
1354 3533 1400 3597 (cf.

117 3623 135 3669 l.
151 3639 172 3670 e.
187 3622 211 3680 I,
224 3621 269 3684 45)
288 3621 427 3682 aliquando
446 3622 509 3669 duos
528 3618 657 3683 Cercopes
675 3619 799 3680 confudit,
819 3635 887 3669 nunc
905 3635 965 3669 vero
985 3621 1019 3684 (I,
1035 3619 1078 3683 65)
1097 3618 1405 3668 Marckscheffelio

118 3706 263 3769 (Commeat.
284 3708 390 3756 Heriod.
409 3724 437 3771 p.
459 3710 506 3754 158
520 3705 570 3770 sq.)
595 3704 737 3754 assentiens
759 3720 863 3768 prorsus
888 3707 1001 3755 diversos
1024 3721 1080 3755 esse
1104 3706 1238 3768 antiquum
1256 3702 1401 3767 Cercopem

116 3792 254 3851 Milesium,
272 3793 372 3855 epicum
384 3800 496 3855 poetam,
510 3800 586 3854 atque
599 3789 741 3854 Cercopem
754 3790 943 3855 Pythagoreum
954 3792 1058 3840 iudicat.
1088 3791 1129 3840 Ita
1146 3791 1198 3839 iam
1215 3789 1403 3850 Fabricius,

116 3878 187 3926 Bibl.
211 3879 259 3927 Gr.
279 3878 303 3936 I,
323 3881 381 3925 592.

185 3959 196 3990 ³
213 3965 345 4026 Protrept.
367 3979 388 4011 c.
411 3966 423 4010 7
439 3980 469 4026 p.
490 3966 521 4010 63
534 3963 605 4012 Poto.

184 4045 196 4076 ⁴
214 4046 255 4096 Cf.
274 4049 409 4097 Plutarch.
431 4049 515 4113 Symp.
531 4049 549 4097 l.
563 4049 603 4106 II,
622 4052 646 4095 3.
667 4051 697 4095 2:
716 4041 810 4097 Ἀείοω
830 4051 952 4098 συνετοῖσι
970 4045 1013 4097 τδν
1029 4039 1149 4116 Ὀρφικὸν
1166 4044 1211 4096 καὶ
1230 4042 1296 4115 ἱερὸν
1314 4041 1402 4111 λόγον.

185 4130 309 4197 ὁΡααορ.
329 4135 380 4183 Eo.
400 4133 483 4192 XIII,
504 4138 542 4181 la.
563 4139 622 4198 41).
646 4137 690 4181 191
710 4134 802 4192 Diae„
822 4133 854 4182 cf.
875 4135 936 4197 Ayl.
953 4151 982 4197 ρ.
1003 4138 1062 4191 441,
1082 4137 1131 4180 448
1151 4132 1185 4182 N.
1205 4137 1226 4181 t.

184 4215 196 4247 ⁶
215 4220 299 4284 Synip.
316 4237 345 4283 p.
367 4221 462 4267 21813.

185 4300 275 4369 1Αρι.
292 4322 320 4369 ρ.
341 4309 400 4352 ιιο.

185 4385 275 4453 θαρι.
292 4407 321 4453 p.
342 4394 401 4450 ιον,
421 4388 453 4437 cf.
470 4407 499 4454 ρ.
520 4392 578 4450 ιιι,
598 4394 657 4450 rsa,
678 4394 736 4449 τοο,
757 4392 805 4439 ιιι
818 4407 856 4454 sq.
