3038 4988
734 235 774 295 la

111 457 177 498 non
198 433 304 496 minus
326 455 423 516 quam
441 433 609 515 Orpheum
627 436 759 497 Oceano
781 434 914 516 eiusque
931 435 1066 518 conjugi
1085 434 1219 516 aliquod
1241 435 1395 498 connubii

110 552 330 637 patrocinium
340 551 551 634 adscripsisse
561 551 643 614 mihi
653 574 692 615 ex
708 553 758 631 iis,
767 574 850 636 quae
863 553 1203 635 Naegelsbachius
1220 554 1260 616 de
1271 553 1321 616 his
1332 553 1394 617 diis

111 671 267 755 profert,¹
292 693 483 753 persuasum
509 678 571 734 est.
617 671 665 732 Ut
688 671 791 755 igitur
814 673 914 736 verbo
940 672 1139 735 sententiam
1165 672 1271 736 dicam
1277 721 1287 750 ,
1313 680 1393 755 puto

111 790 233 854 veteris
250 789 387 872 Orphici
403 788 554 852 carminis
570 797 704 871 poetam
726 812 765 854 ex
781 791 924 854 Homero
942 797 1071 874 praeter
1093 792 1199 853 multa
1215 791 1279 854 alia
1295 791 1395 854 etiam

111 909 296 972 doctrinam
312 907 501 990 sumpsisse,
526 929 566 970 ex
582 930 645 990 qua
668 909 813 972 omnium
829 931 936 972 rerum
959 909 1154 993 principium
1172 911 1325 973 Oceanus
1341 911 1394 973 vel

111 1051 197 1111 aqua
207 1028 335 1090 dicatur
341 1051 350 1103 ;
369 1027 485 1089 deinde
496 1047 572 1089 vero
588 1028 642 1090 vel
653 1027 790 1091 Hesiodi
806 1029 956 1111 exemplo
974 1028 1154 1091 adductum
1163 1029 1217 1092 vel
1235 1029 1309 1111 quia
1324 1028 1395 1111 ipse

110 1145 382 1210 animadvertisse
414 1145 477 1208 sibi
507 1144 596 1208 visus
622 1145 681 1224 sit,
712 1146 817 1229 ipsam
847 1170 964 1229 aquam
993 1148 1033 1210 de
1059 1148 1151 1211 coelo
1176 1147 1210 1209 in
1234 1146 1394 1211 imbribus

113 1265 223 1328 delabi
238 1271 300 1327 eta
314 1272 402 1327 terra
413 1263 528 1346 excipi,
548 1264 687 1327 Ocelum
696 1267 893 1347 Terramque
908 1265 1094 1329 abenordio
1108 1287 1229 1348 ponere
1240 1265 1394 1328 maluisse

111 1383 408 1468 philosophematis
431 1383 480 1445 sui
496 1383 614 1466 gratia,
638 1384 696 1446 sed
711 1384 924 1447 nihilominus
946 1384 1111 1469 propriam
1126 1385 1306 1467 generandi
1327 1384 1395 1447 vim

111 1503 153 1565 ab
165 1503 297 1565 Oceano
309 1509 343 1565 et
353 1503 480 1586 Tethye
496 1509 643 1584 repetere
654 1502 786 1566 minime
803 1503 949 1567 desiisse.
976 1504 1096 1586 itaque
1109 1504 1201 1566 nulla
1217 1503 1303 1566 inter
1318 1503 1394 1566 illos

110 1621 235 1684 Timaei
252 1628 286 1684 et
303 1621 430 1704 Oratyli
446 1622 536 1683 locos
553 1620 737 1684 differentia
752 1621 959 1704 relinquitur.

198 1741 297 1803 Ouod
318 1739 346 1802 si
367 1739 414 1802 ita
436 1746 501 1817 est,
525 1739 665 1822 primum
688 1762 728 1803 ex
750 1740 877 1803 duobus
899 1740 1048 1804 versibus
1070 1741 1104 1803 in
1125 1741 1259 1825 Oratylo
1283 1740 1394 1804 allatis

112 1859 270 1942 colligere
288 1858 377 1937 licet,
401 1857 550 1921 Platonis
574 1865 683 1922 aetate
706 1858 889 1922 doctrinam
907 1859 1086 1942 Orphieam
1107 1860 1147 1922 de
1165 1860 1297 1922 deorum
1312 1865 1395 1922 ortu

111 1984 147 2040 et
161 1977 367 2040 successione
381 2000 448 2040 non
460 1984 593 2040 tantum
607 1977 706 2040 fando
717 1977 750 2040 in
764 1978 929 2062 mysteriis
940 1978 1108 2055 traditam,
1127 1979 1185 2041 sed
1194 1978 1257 2041 iam
1272 1977 1394 2041 litteris

112 2097 302 2160 mandatam
329 2096 447 2172 fuisse,
476 2117 516 2158 ex
543 2095 674 2158 Timaeo
696 2117 773 2159 vero
801 2097 1041 2179 assequendum
1063 2104 1129 2175 est,
1156 2097 1260 2179 qualis
1284 2118 1393 2159 earum

110 2215 380 2298 genealogiarum
397 2215 474 2277 ordo
492 2221 527 2277 et
542 2221 772 2297 argumentum
789 2215 898 2278 fuerit.
938 2216 1075 2278 Frustra
1090 2222 1201 2278 autem
1220 2214 1267 2278 ibi
1282 2217 1393 2299 Rhap-

52 2419 53 2426 ,
110 2333 278 2398 sodiarum
300 2335 482 2411 Chronum,
509 2333 632 2396 frustra
654 2333 762 2396 Chaos
787 2341 822 2397 et
843 2335 1039 2412 Aetherem,
1066 2334 1189 2397 frustra
1210 2336 1394 2398 Phanetem

110 2452 314 2536 requirimus,
332 2451 415 2514 nihil
431 2451 478 2515 ibi
494 2451 703 2534 pantheismi,
724 2451 806 2515 nihil
822 2451 1040 2536 redintegrati
1056 2474 1113 2536 per
1128 2455 1148 2516 J
1150 2475 1245 2517 ovem
1260 2453 1374 2517 mundi
1382 2479 1391 2531 ς

110 2573 168 2635 sed
179 2571 288 2635 omnia
303 2571 383 2635 trita
393 2577 427 2634 et
442 2571 567 2634 usitata
577 2578 611 2634 et
626 2592 729 2654 paene
744 2570 826 2633 nihil
842 2572 883 2634 ab
894 2571 1032 2634 Hesiodi
1042 2572 1178 2635 Homeri
1194 2579 1392 2637 oeterorum-

109 2712 172 2773 que
185 2690 340 2754 Graeciae
358 2690 554 2772 soriptorum
568 2689 817 2752 veterrimorum
834 2690 873 2752 de
890 2690 951 2753 diis
968 2690 1176 2774 opinionibus
1191 2691 1391 2755 recedentia.

109 2810 243 2872 Etenim
260 2809 288 2871 si
310 2830 349 2872 ex
366 2808 516 2872 Platonis
533 2809 665 2871 Timaeo
689 2815 722 2871 et
739 2807 874 2892 Cratylo
897 2809 1108 2873 iudicandum
1130 2816 1191 2888 est,
1213 2812 1393 2894 theologus

108 2934 222 2991 noster
232 2928 299 2990 fere
307 2930 395 2992 huno
405 2929 439 2991 in
446 2929 579 2991 modum
590 2926 803 3010 genealogias
815 2950 889 2990 suas
901 2928 1108 3012 disposuerat
1119 2935 1153 2992 et
1163 2930 1390 2993 adornaverat.

109 3047 162 3110 Ex
183 3046 285 3109 Coelo
308 3053 343 3109 et
364 3047 481 3110 Terra²
505 3053 684 3109 nascuntur
707 3046 858 3109 Oceanus
881 3053 914 3110 et
936 3047 1074 3132 Tethys.
1111 3048 1143 3110 Ii
1164 3048 1296 3112 Titanes
1318 3071 1392 3131 pro-

107 3172 233 3244 creant,
261 3188 398 3248 quorum
420 3166 580 3228 maximus
602 3172 683 3228 natu
705 3164 847 3228 fortasse
862 3167 1031 3244 Phorcus,
1057 3167 1208 3250 princeps
1231 3170 1391 3230 Saturnus

110 3292 190 3348 erat.
230 3284 363 3347 Saturni
385 3292 419 3348 et
434 3287 545 3348 Rheae
568 3284 654 3347 filius
672 3284 801 3367 Jupiter
821 3290 872 3347 est
887 3307 965 3348 mox
980 3285 1013 3347 in
1034 3286 1137 3368 patris
1156 3287 1266 3349 locum
1288 3308 1390 3369 regno

106 3425 331 3467 successurus.
378 3406 409 3467 A
431 3406 512 3467 Jove
534 3405 667 3467 tandem
689 3403 867 3467 novissima
889 3404 1023 3467 deorum
1045 3405 1154 3487 proles
1177 3405 1291 3468 oritur.
1337 3406 1392 3468 Ita

108 3522 251 3605 quinque
276 3530 393 3605 gentes
418 3529 609 3606 aetatesque
635 3544 706 3585 sese
731 3521 900 3605 excipiunt
925 3523 1032 3601 Coeli,
1060 3524 1218 3603 Oceani,³
1245 3524 1389 3603 Saturni,

177 3691 236 3746 ²12.
257 3710 279 3744 o.
299 3712 324 3758 p.
347 3701 385 3746 79.

175 3775 185 3807 ²
204 3780 308 3829 Praeter
325 3781 432 3829 Terram
450 3778 531 3830 Coelo
549 3782 626 3829 aliam
651 3795 753 3844 qaoque
777 3782 814 3830 vel
838 3781 902 3830 alias
921 3781 1043 3845 conjuges
1061 3783 1150 3843 fuisse,
1172 3784 1224 3832 iam
1243 3799 1320 3847 supra
1339 3783 1390 3832 dio-

107 3871 227 3913 tumeat.

176 3946 309 4000 ⁸Miranti
334 3950 405 4012 mihi,
431 3951 491 4014 quid
515 3953 618 4000 tandem
643 3951 758 4001 effecisse
783 3951 834 4000 dici
856 3960 957 4014 posset,
982 3960 1011 4000 ut
1029 3951 1148 4002 Oceanus
1172 3955 1242 4002 solus
1261 3969 1313 4003 non
1332 3970 1390 4003 eum

106 4036 242 4085 Titanibus
261 4044 349 4085 eontra
368 4035 476 4086 Ocelum
499 4036 681 4085 rebellantibus
700 4036 808 4095 faceret,
833 4051 933 4099 semper
950 4036 1025 4099 hujus
1043 4038 1089 4098 rei,
1115 4053 1145 4087 ea
1162 4039 1295 4088 ridebatur
1313 4054 1390 4088 causa

106 4135 172 4182 esse,
196 4123 264 4184 qaod
283 4120 403 4170 Oceanus
420 4122 522 4184 proprie
540 4135 572 4169 ne
590 4128 765 4171 numeraretur
789 4121 892 4184 quidem
915 4121 982 4170 inter
999 4123 1112 4172 Titanes.
1151 4121 1217 4172 Cum
1236 4125 1305 4173 enim
1323 4125 1389 4173 filius

106 4216 174 4258 esset
193 4207 277 4268 Cocli,
300 4209 382 4271 magis
405 4223 482 4272 quam
499 4215 606 4281 nepotes
628 4208 754 4272 religione
773 4216 850 4271 atque
870 4208 966 4271 pietate
984 4206 1127 4270 prohibitus
1146 4217 1192 4269 est,
1218 4211 1355 4271 quominus
1375 4225 1390 4257 a

106 4293 186 4355 patris
204 4307 283 4355 regno
296 4293 415 4342 deficeret
430 4290 489 4358 (oda
502 4290 695 4364 delectissimis
707 4297 751 4344 τοῦ
764 4292 858 4363 πατρὸς
877 4290 1014 4362 βασιλείας.
1040 4296 1144 4344 Procul.
1162 4296 1234 4345 Orat.
1244 4313 1274 4361 p.
1289 4300 1337 4343 295
1349 4309 1387 4357 sq.

106 4377 139 4426 cf.
165 4378 288 4443 Apollod.
314 4380 384 4428 Bibl.
405 4380 428 4437 1,
451 4384 472 4428 l.
492 4384 507 4427 4
530 4386 556 4427 et
573 4381 665 4429 dasch.
684 4381 782 4438 Proin„
805 4379 847 4427 ubi
872 4393 924 4428 non
945 4380 1030 4428 minus
1055 4378 1175 4429 Oceanus
1198 4381 1288 4444 procul
1313 4387 1351 4430 est
1374 4395 1390 4428 a
