<?xml version="1.0" encoding="UTF-8"?>
<!DOCTYPE html PUBLIC "-//W3C//DTD XHTML 1.0 Transitional//EN"
    "http://www.w3.org/TR/xhtml1/DTD/xhtml1-transitional.dtd">
<html xmlns="http://www.w3.org/1999/xhtml" xml:lang="en" lang="en">
 <head>
  <title>
</title>
<meta http-equiv="Content-Type" content="text/html;charset=utf-8" />
  <meta name='ocr-system' content='tesseract 3.04.00' />
  <meta name='ocr-capabilities' content='ocr_page ocr_carea ocr_par ocr_line ocrx_word'/>
</head>
<body>
  <div class='ocr_page' id='page_1' title='image "./deveterisorphic01schugoog_0032.png"; bbox 0 0 3038 4988; ppageno 0'>
   <div class='ocr_carea' id='block_1_1' title="bbox 738 217 777 278">
    <p class='ocr_par' dir='ltr' id='par_1_1' title="bbox 738 217 777 278">
     <span class='ocr_line' id='line_1_1' title="bbox 738 217 777 278; baseline 0.026 -1"><span class='ocrx_word' id='word_1_1' title='bbox 738 217 777 278; x_wconf 79' lang='grc'><strong>23</strong></span> 
     </span>
    </p>
   </div>
   <div class='ocr_carea' id='block_1_2' title="bbox 54 417 1401 2407">
    <p class='ocr_par' dir='ltr' id='par_1_2' title="bbox 114 417 1400 605">
     <span class='ocr_line' id='line_1_2' title="bbox 116 417 1400 504; baseline -0.001 -21"><span class='ocrx_word' id='word_1_2' title='bbox 116 442 216 504; x_wconf 91' lang='lat' dir='ltr'><strong>quam</strong></span> <span class='ocrx_word' id='word_1_3' title='bbox 237 419 266 482; x_wconf 87' lang='lat' dir='ltr'><strong>si</strong></span> <span class='ocrx_word' id='word_1_4' title='bbox 287 442 346 482; x_wconf 93' lang='lat' dir='ltr'><strong>sua</strong></span> <span class='ocrx_word' id='word_1_5' title='bbox 367 426 484 504; x_wconf 90' lang='lat' dir='ltr'><strong>sponte</strong></span> <span class='ocrx_word' id='word_1_6' title='bbox 507 439 544 481; x_wconf 91' lang='lat' dir='ltr'><strong>ac</strong></span> <span class='ocrx_word' id='word_1_7' title='bbox 566 418 739 482; x_wconf 77' lang='lat' dir='ltr'><strong>voluntate</strong></span> <span class='ocrx_word' id='word_1_8' title='bbox 761 417 856 481; x_wconf 91' lang='lat' dir='ltr'><strong>illum</strong></span> <span class='ocrx_word' id='word_1_9' title='bbox 877 419 1164 482; x_wconf 84' lang='lat' dir='ltr'><strong>anachronismum</strong></span> <span class='ocrx_word' id='word_1_10' title='bbox 1185 419 1320 483; x_wconf 82' lang='lat' dir='ltr'><strong>carmini</strong></span> <span class='ocrx_word' id='word_1_11' title='bbox 1342 441 1400 483; x_wconf 91' lang='lat' dir='ltr'><strong>suo</strong></span> 
     </span>
     <span class='ocr_line' id='line_1_3' title="bbox 114 538 303 605; baseline -0.016 0"><span class='ocrx_word' id='word_1_12' title='bbox 114 538 303 605; x_wconf 73' lang='lat' dir='ltr'><strong>admiscuit.</strong></span> 
     </span>
    </p>

    <p class='ocr_par' dir='ltr' id='par_1_3' title="bbox 54 656 1401 1689">
     <span class='ocr_line' id='line_1_4' title="bbox 186 656 1400 750; baseline -0.002 -28"><span class='ocrx_word' id='word_1_13' title='bbox 186 661 375 722; x_wconf 53' lang='lat' dir='ltr'><strong>¹Postremo</strong></span> <span class='ocrx_word' id='word_1_14' title='bbox 401 657 472 741; x_wconf 89' lang='lat' dir='ltr'><strong>quis</strong></span> <span class='ocrx_word' id='word_1_15' title='bbox 497 680 563 750; x_wconf 89' lang='lat' dir='ltr'><strong>non</strong></span> <span class='ocrx_word' id='word_1_16' title='bbox 585 656 734 734; x_wconf 91' lang='lat' dir='ltr'><strong>miretur,</strong></span> <span class='ocrx_word' id='word_1_17' title='bbox 760 659 945 720; x_wconf 91' lang='lat' dir='ltr'><strong>Phanetem</strong></span> <span class='ocrx_word' id='word_1_18' title='bbox 966 657 1081 720; x_wconf 90' lang='lat' dir='ltr'><strong>mnndi</strong></span> <span class='ocrx_word' id='word_1_19' title='bbox 1106 657 1309 720; x_wconf 91' lang='lat' dir='ltr'><strong>conditorem</strong></span> <span class='ocrx_word' id='word_1_20' title='bbox 1332 680 1400 720; x_wconf 90' lang='lat' dir='ltr'><strong>om·</strong></span> 
     </span>
     <span class='ocr_line' id='line_1_5' title="bbox 116 775 1400 862; baseline -0.002 -20"><span class='ocrx_word' id='word_1_21' title='bbox 116 779 272 861; x_wconf 90' lang='lat' dir='ltr'><strong>niumque</strong></span> <span class='ocrx_word' id='word_1_22' title='bbox 297 778 432 841; x_wconf 89' lang='lat' dir='ltr'><strong>deornm</strong></span> <span class='ocrx_word' id='word_1_23' title='bbox 456 783 625 862; x_wconf 89' lang='lat' dir='ltr'><strong>parentem</strong></span> <span class='ocrx_word' id='word_1_24' title='bbox 651 775 715 840; x_wconf 89' lang='lat' dir='ltr'><strong>dici</strong></span> <span class='ocrx_word' id='word_1_25' title='bbox 740 782 838 859; x_wconf 91' lang='lat' dir='ltr'><strong>atque</strong></span> <span class='ocrx_word' id='word_1_26' title='bbox 864 775 1080 860; x_wconf 82' lang='lat' dir='ltr'><strong>praedicari,¹</strong></span> <span class='ocrx_word' id='word_1_27' title='bbox 1106 777 1163 840; x_wconf 92' lang='lat' dir='ltr'><strong>sed</strong></span> <span class='ocrx_word' id='word_1_28' title='bbox 1189 798 1223 840; x_wconf 92' lang='lat' dir='ltr'><strong>re</strong></span> <span class='ocrx_word' id='word_1_29' title='bbox 1248 784 1400 840; x_wconf 87' lang='lat' dir='ltr'><strong>accurate</strong></span> 
     </span>
     <span class='ocr_line' id='line_1_6' title="bbox 115 882 1401 979; baseline -0.002 -18"><span class='ocrx_word' id='word_1_30' title='bbox 115 897 325 962; x_wconf 89' lang='lat' dir='ltr'><strong>considerata</strong></span> <span class='ocrx_word' id='word_1_31' title='bbox 345 896 428 960; x_wconf 90' lang='lat' dir='ltr'><strong>nihil</strong></span> <span class='ocrx_word' id='word_1_32' title='bbox 453 896 561 959; x_wconf 91' lang='lat' dir='ltr'><strong>meriti</strong></span> <span class='ocrx_word' id='word_1_33' title='bbox 583 895 613 960; x_wconf 93' lang='lat' dir='ltr'><strong>ei</strong></span> <span class='ocrx_word' id='word_1_34' title='bbox 633 894 775 978; x_wconf 89' lang='lat' dir='ltr'><strong>relinqui</strong></span> <span class='ocrx_word' id='word_1_35' title='bbox 796 894 859 958; x_wconf 90' lang='lat' dir='ltr'><strong>nisi</strong></span> <span class='ocrx_word' id='word_1_36' title='bbox 884 896 972 978; x_wconf 93' lang='lat' dir='ltr'><strong>quod</strong></span> <span class='ocrx_word' id='word_1_37' title='bbox 992 882 1155 959; x_wconf 78' lang='lat' dir='ltr'><strong>Noctem²</strong></span> <span class='ocrx_word' id='word_1_38' title='bbox 1180 895 1401 979; x_wconf 86' lang='lat' dir='ltr'><strong>procreaverit</strong></span> 
     </span>
     <span class='ocr_line' id='line_1_7' title="bbox 54 1014 1400 1098; baseline -0.002 -18"><span class='ocrx_word' id='word_1_39' title='bbox 54 1058 66 1091; x_wconf 48' lang='grc' dir='ltr'><strong><em>ς</em></strong></span> <span class='ocrx_word' id='word_1_40' title='bbox 115 1025 152 1081; x_wconf 91' lang='lat' dir='ltr'><strong>et</strong></span> <span class='ocrx_word' id='word_1_41' title='bbox 168 1038 210 1080; x_wconf 85' lang='lat' dir='ltr'><strong>ex</strong></span> <span class='ocrx_word' id='word_1_42' title='bbox 225 1038 263 1080; x_wconf 90' lang='lat' dir='ltr'><strong>ea</strong></span> <span class='ocrx_word' id='word_1_43' title='bbox 284 1017 415 1079; x_wconf 90' lang='lat' dir='ltr'><strong>demum</strong></span> <span class='ocrx_word' id='word_1_44' title='bbox 432 1015 569 1078; x_wconf 89' lang='lat' dir='ltr'><strong>Coelum</strong></span> <span class='ocrx_word' id='word_1_45' title='bbox 586 1016 782 1098; x_wconf 81' lang='lat' dir='ltr'><strong>Terramque</strong></span> <span class='ocrx_word' id='word_1_46' title='bbox 798 1014 969 1098; x_wconf 84' lang='lat' dir='ltr'><strong>genuerit?</strong></span> <span class='ocrx_word' id='word_1_47' title='bbox 1001 1023 1118 1080; x_wconf 88' lang='lat' dir='ltr'><strong>Nonne</strong></span> <span class='ocrx_word' id='word_1_48' title='bbox 1136 1037 1176 1079; x_wconf 83' lang='lat' dir='ltr'><strong>ex</strong></span> <span class='ocrx_word' id='word_1_49' title='bbox 1196 1018 1257 1079; x_wconf 84' lang='lat' dir='ltr'><strong>hac</strong></span> <span class='ocrx_word' id='word_1_50' title='bbox 1275 1015 1400 1078; x_wconf 91' lang='lat' dir='ltr'><strong>dissen-</strong></span> 
     </span>
     <span class='ocr_line' id='line_1_8' title="bbox 100 1133 1401 1218; baseline 0.003 -24"><span class='ocrx_word' id='word_1_51' title='bbox 100 1135 209 1200; x_wconf 85' lang='lat' dir='ltr'><strong>sione</strong></span> <span class='ocrx_word' id='word_1_52' title='bbox 230 1157 353 1213; x_wconf 92' lang='lat' dir='ltr'><strong>eorum,</strong></span> <span class='ocrx_word' id='word_1_53' title='bbox 377 1157 460 1218; x_wconf 88' lang='lat' dir='ltr'><strong>quae</strong></span> <span class='ocrx_word' id='word_1_54' title='bbox 482 1136 522 1199; x_wconf 89' lang='lat' dir='ltr'><strong>de</strong></span> <span class='ocrx_word' id='word_1_55' title='bbox 538 1137 686 1198; x_wconf 83' lang='lat' dir='ltr'><strong>Phanote</strong></span> <span class='ocrx_word' id='word_1_56' title='bbox 708 1133 743 1196; x_wconf 91' lang='lat' dir='ltr'><strong>in</strong></span> <span class='ocrx_word' id='word_1_57' title='bbox 758 1133 894 1216; x_wconf 85' lang='lat' dir='ltr'><strong>modum</strong></span> <span class='ocrx_word' id='word_1_58' title='bbox 914 1133 1163 1198; x_wconf 90' lang='lat' dir='ltr'><strong>buccinatorum</strong></span> <span class='ocrx_word' id='word_1_59' title='bbox 1179 1135 1346 1198; x_wconf 91' lang='lat' dir='ltr'><strong>iactantur</strong></span> <span class='ocrx_word' id='word_1_60' title='bbox 1367 1142 1401 1199; x_wconf 94' lang='lat' dir='ltr'><strong>et</strong></span> 
     </span>
     <span class='ocr_line' id='line_1_9' title="bbox 116 1252 1400 1339; baseline -0.002 -20"><span class='ocrx_word' id='word_1_61' title='bbox 116 1276 201 1338; x_wconf 89' lang='lat' dir='ltr'><strong>qnae</strong></span> <span class='ocrx_word' id='word_1_62' title='bbox 217 1255 286 1339; x_wconf 89' lang='lat' dir='ltr'><strong>ipse</strong></span> <span class='ocrx_word' id='word_1_63' title='bbox 302 1275 415 1318; x_wconf 86' lang='lat' dir='ltr'><strong>revera</strong></span> <span class='ocrx_word' id='word_1_64' title='bbox 431 1253 522 1333; x_wconf 85' lang='lat' dir='ltr'><strong>fecit,</strong></span> <span class='ocrx_word' id='word_1_65' title='bbox 541 1253 621 1317; x_wconf 93' lang='lat' dir='ltr'><strong>satis</strong></span> <span class='ocrx_word' id='word_1_66' title='bbox 638 1260 785 1338; x_wconf 90' lang='lat' dir='ltr'><strong>apparet,</strong></span> <span class='ocrx_word' id='word_1_67' title='bbox 804 1275 879 1317; x_wconf 91' lang='lat' dir='ltr'><strong>eum</strong></span> <span class='ocrx_word' id='word_1_68' title='bbox 893 1252 1000 1336; x_wconf 85' lang='lat' dir='ltr'><strong>magis</strong></span> <span class='ocrx_word' id='word_1_69' title='bbox 1017 1252 1194 1317; x_wconf 88' lang='lat' dir='ltr'><strong>cuiuslibet</strong></span> <span class='ocrx_word' id='word_1_70' title='bbox 1209 1253 1400 1318; x_wconf 69' lang='lat' dir='ltr'><strong>recentioris</strong></span> 
     </span>
     <span class='ocr_line' id='line_1_10' title="bbox 116 1350 1400 1456; baseline 0 -20"><span class='ocrx_word' id='word_1_71' title='bbox 116 1350 235 1456; x_wconf 88' lang='lat' dir='ltr'><strong>poetae</strong></span> <span class='ocrx_word' id='word_1_72' title='bbox 257 1373 415 1436; x_wconf 90' lang='lat' dir='ltr'><strong>mediocri</strong></span> <span class='ocrx_word' id='word_1_73' title='bbox 435 1372 568 1456; x_wconf 90' lang='lat' dir='ltr'><strong>ingenio</strong></span> <span class='ocrx_word' id='word_1_74' title='bbox 584 1371 726 1456; x_wconf 91' lang='lat' dir='ltr'><strong>praediti</strong></span> <span class='ocrx_word' id='word_1_75' title='bbox 747 1371 856 1435; x_wconf 84' lang='lat' dir='ltr'><strong>foetus</strong></span> <span class='ocrx_word' id='word_1_76' title='bbox 874 1363 945 1436; x_wconf 80' lang='lat' dir='ltr'><strong>esse</strong></span> <span class='ocrx_word' id='word_1_77' title='bbox 968 1395 1064 1456; x_wconf 91' lang='lat' dir='ltr'><strong>quam</strong></span> <span class='ocrx_word' id='word_1_78' title='bbox 1089 1372 1233 1436; x_wconf 85' lang='lat' dir='ltr'><strong>validam</strong></span> <span class='ocrx_word' id='word_1_79' title='bbox 1255 1395 1400 1437; x_wconf 89' lang='lat' dir='ltr'><strong>summae</strong></span> 
     </span>
     <span class='ocr_line' id='line_1_11' title="bbox 119 1490 1399 1575; baseline 0.001 -21"><span class='ocrx_word' id='word_1_80' title='bbox 119 1490 326 1575; x_wconf 69' lang='lat' dir='ltr'><strong>antiquitatis</strong></span> <span class='ocrx_word' id='word_1_81' title='bbox 343 1491 554 1575; x_wconf 83' lang='lat' dir='ltr'><strong>progeniem?</strong></span> <span class='ocrx_word' id='word_1_82' title='bbox 579 1492 699 1555; x_wconf 90' lang='lat' dir='ltr'><strong>Nonne</strong></span> <span class='ocrx_word' id='word_1_83' title='bbox 715 1491 819 1574; x_wconf 90' lang='lat' dir='ltr'><strong>igitur</strong></span> <span class='ocrx_word' id='word_1_84' title='bbox 834 1492 881 1556; x_wconf 86' lang='lat' dir='ltr'><strong>ita</strong></span> <span class='ocrx_word' id='word_1_85' title='bbox 898 1514 1027 1575; x_wconf 90' lang='lat' dir='ltr'><strong>quoqne</strong></span> <span class='ocrx_word' id='word_1_86' title='bbox 1044 1515 1171 1555; x_wconf 89' lang='lat' dir='ltr'><strong>summa</strong></span> <span class='ocrx_word' id='word_1_87' title='bbox 1187 1493 1229 1556; x_wconf 87' lang='lat' dir='ltr'><strong>ad</strong></span> <span class='ocrx_word' id='word_1_88' title='bbox 1244 1494 1399 1570; x_wconf 90' lang='lat' dir='ltr'><strong>Noctem,</strong></span> 
     </span>
     <span class='ocr_line' id='line_1_12' title="bbox 118 1610 539 1689; baseline 0 -15"><span class='ocrx_word' id='word_1_89' title='bbox 118 1610 268 1689; x_wconf 82' lang='lat' dir='ltr'><strong>Ocelum,</strong></span> <span class='ocrx_word' id='word_1_90' title='bbox 285 1613 418 1674; x_wconf 77' lang='lat' dir='ltr'><strong>Terram</strong></span> <span class='ocrx_word' id='word_1_91' title='bbox 433 1611 539 1674; x_wconf 85' lang='lat' dir='ltr'><strong>redit?</strong></span> 
     </span>
    </p>

    <p class='ocr_par' dir='ltr' id='par_1_4' title="bbox 108 1729 1400 2407">
     <span class='ocr_line' id='line_1_13' title="bbox 188 1729 1399 1816; baseline -0.002 -22"><span class='ocrx_word' id='word_1_92' title='bbox 188 1729 332 1794; x_wconf 76' lang='lat' dir='ltr'><strong>-Quodsi</strong></span> <span class='ocrx_word' id='word_1_93' title='bbox 353 1730 471 1810; x_wconf 90' lang='lat' dir='ltr'><strong>omnia,</strong></span> <span class='ocrx_word' id='word_1_94' title='bbox 498 1752 580 1814; x_wconf 89' lang='lat' dir='ltr'><strong>quae</strong></span> <span class='ocrx_word' id='word_1_95' title='bbox 602 1730 699 1793; x_wconf 92' lang='lat' dir='ltr'><strong>modo</strong></span> <span class='ocrx_word' id='word_1_96' title='bbox 722 1730 831 1811; x_wconf 86' lang='lat' dir='ltr'><strong>attigi,</strong></span> <span class='ocrx_word' id='word_1_97' title='bbox 855 1729 963 1792; x_wconf 90' lang='lat' dir='ltr'><strong>animo</strong></span> <span class='ocrx_word' id='word_1_98' title='bbox 987 1732 1239 1816; x_wconf 88' lang='lat' dir='ltr'><strong>comprehendo,</strong></span> <span class='ocrx_word' id='word_1_99' title='bbox 1265 1730 1300 1794; x_wconf 95' lang='lat' dir='ltr'><strong>in</strong></span> <span class='ocrx_word' id='word_1_100' title='bbox 1320 1731 1399 1816; x_wconf 90' lang='lat' dir='ltr'><strong>ipsis</strong></span> 
     </span>
     <span class='ocr_line' id='line_1_14' title="bbox 114 1847 1399 1933; baseline 0 -21"><span class='ocrx_word' id='word_1_101' title='bbox 114 1847 313 1932; x_wconf 81' lang='lat' dir='ltr'><strong>fragmentis</strong></span> <span class='ocrx_word' id='word_1_102' title='bbox 329 1849 455 1932; x_wconf 87' lang='lat' dir='ltr'><strong>aliquas</strong></span> <span class='ocrx_word' id='word_1_103' title='bbox 471 1849 604 1913; x_wconf 88' lang='lat' dir='ltr'><strong>fissuras</strong></span> <span class='ocrx_word' id='word_1_104' title='bbox 621 1856 655 1913; x_wconf 92' lang='lat' dir='ltr'><strong>et</strong></span> <span class='ocrx_word' id='word_1_105' title='bbox 668 1849 821 1932; x_wconf 87' lang='lat' dir='ltr'><strong>gibberes</strong></span> <span class='ocrx_word' id='word_1_106' title='bbox 839 1849 1027 1933; x_wconf 90' lang='lat' dir='ltr'><strong>conspicere</strong></span> <span class='ocrx_word' id='word_1_107' title='bbox 1044 1850 1124 1913; x_wconf 93' lang='lat' dir='ltr'><strong>mihi</strong></span> <span class='ocrx_word' id='word_1_108' title='bbox 1140 1850 1263 1929; x_wconf 91' lang='lat' dir='ltr'><strong>videor,</strong></span> <span class='ocrx_word' id='word_1_109' title='bbox 1281 1849 1399 1933; x_wconf 89' lang='lat' dir='ltr'><strong>quibus</strong></span> 
     </span>
     <span class='ocr_line' id='line_1_15' title="bbox 113 1968 1400 2053; baseline 0.002 -22"><span class='ocrx_word' id='word_1_110' title='bbox 113 1976 228 2052; x_wconf 86' lang='lat' dir='ltr'><strong>partes</strong></span> <span class='ocrx_word' id='word_1_111' title='bbox 250 1968 370 2053; x_wconf 88' lang='lat' dir='ltr'><strong>primas</strong></span> <span class='ocrx_word' id='word_1_112' title='bbox 391 1990 494 2051; x_wconf 91' lang='lat' dir='ltr'><strong>usque</strong></span> <span class='ocrx_word' id='word_1_113' title='bbox 520 1969 561 2031; x_wconf 89' lang='lat' dir='ltr'><strong>ad</strong></span> <span class='ocrx_word' id='word_1_114' title='bbox 581 1969 724 2032; x_wconf 84' lang='lat' dir='ltr'><strong>Noctem</strong></span> <span class='ocrx_word' id='word_1_115' title='bbox 750 1968 953 2053; x_wconf 87' lang='lat' dir='ltr'><strong>pertinentes</strong></span> <span class='ocrx_word' id='word_1_116' title='bbox 982 1969 1148 2033; x_wconf 90' lang='lat' dir='ltr'><strong>veteribus</strong></span> <span class='ocrx_word' id='word_1_117' title='bbox 1174 1992 1245 2033; x_wconf 91' lang='lat' dir='ltr'><strong>sero</strong></span> <span class='ocrx_word' id='word_1_118' title='bbox 1268 1970 1400 2034; x_wconf 90' lang='lat' dir='ltr'><strong>demum</strong></span> 
     </span>
     <span class='ocr_line' id='line_1_16' title="bbox 114 2085 1399 2172; baseline 0.001 -22"><span class='ocrx_word' id='word_1_119' title='bbox 114 2085 248 2150; x_wconf 87' lang='lat' dir='ltr'><strong>additas</strong></span> <span class='ocrx_word' id='word_1_120' title='bbox 274 2109 344 2150; x_wconf 87' lang='lat' dir='ltr'><strong>csse</strong></span> <span class='ocrx_word' id='word_1_121' title='bbox 370 2089 615 2172; x_wconf 88' lang='lat' dir='ltr'><strong>comprobetur,</strong></span> <span class='ocrx_word' id='word_1_122' title='bbox 646 2088 897 2151; x_wconf 90' lang='lat' dir='ltr'><strong>rimnscularum</strong></span> <span class='ocrx_word' id='word_1_123' title='bbox 921 2088 1040 2167; x_wconf 90' lang='lat' dir='ltr'><strong>instar,</strong></span> <span class='ocrx_word' id='word_1_124' title='bbox 1072 2088 1212 2171; x_wconf 89' lang='lat' dir='ltr'><strong>qnae-in</strong></span> <span class='ocrx_word' id='word_1_125' title='bbox 1236 2088 1399 2152; x_wconf 89' lang='lat' dir='ltr'><strong>dealbatis</strong></span> 
     </span>
     <span class='ocr_line' id='line_1_17' title="bbox 116 2205 1398 2293; baseline 0.002 -25"><span class='ocrx_word' id='word_1_126' title='bbox 116 2205 297 2289; x_wconf 87' lang='lat' dir='ltr'><strong>parietibus</strong></span> <span class='ocrx_word' id='word_1_127' title='bbox 313 2207 479 2270; x_wconf 92' lang='lat' dir='ltr'><strong>interdum</strong></span> <span class='ocrx_word' id='word_1_128' title='bbox 501 2207 681 2271; x_wconf 83' lang='lat' dir='ltr'><strong>existentes</strong></span> <span class='ocrx_word' id='word_1_129' title='bbox 696 2207 744 2270; x_wconf 92' lang='lat' dir='ltr'><strong>ibi</strong></span> <span class='ocrx_word' id='word_1_130' title='bbox 758 2230 861 2271; x_wconf 88' lang='lat' dir='ltr'><strong>novas</strong></span> <span class='ocrx_word' id='word_1_131' title='bbox 883 2209 1050 2271; x_wconf 88' lang='lat' dir='ltr'><strong>veteribus</strong></span> <span class='ocrx_word' id='word_1_132' title='bbox 1066 2208 1163 2271; x_wconf 90' lang='lat' dir='ltr'><strong>aedes</strong></span> <span class='ocrx_word' id='word_1_133' title='bbox 1185 2208 1327 2293; x_wconf 93' lang='lat' dir='ltr'><strong>prodant</strong></span> <span class='ocrx_word' id='word_1_134' title='bbox 1343 2209 1398 2271; x_wconf 89' lang='lat' dir='ltr'><strong>ad-</strong></span> 
     </span>
     <span class='ocr_line' id='line_1_18' title="bbox 108 2312 936 2407; baseline 0.004 -21"><span class='ocrx_word' id='word_1_135' title='bbox 108 2324 248 2407; x_wconf 86' lang='lat' dir='ltr'><strong>junctas</strong></span> <span class='ocrx_word' id='word_1_136' title='bbox 265 2346 346 2389; x_wconf 86' lang='lat' dir='ltr'><strong>esse.</strong></span> <span class='ocrx_word' id='word_1_137' title='bbox 935 2312 936 2316; x_wconf 7' lang='grc' dir='ltr'><strong>Ἰ</strong></span> 
     </span>
    </p>
   </div>
   <div class='ocr_carea' id='block_1_3' title="bbox 715 2498 798 2581">
    <p class='ocr_par' dir='ltr' id='par_1_5' title="bbox 715 2498 798 2581">
     <span class='ocr_line' id='line_1_19' title="bbox 715 2498 798 2581; baseline -0.024 -21"><span class='ocrx_word' id='word_1_138' title='bbox 715 2498 745 2581; x_wconf 68' lang='lat' dir='ltr'><strong>s.</strong></span> <span class='ocrx_word' id='word_1_139' title='bbox 769 2502 798 2560; x_wconf 89' lang='lat'><strong>5.</strong></span> 
     </span>
    </p>
   </div>
   <div class='ocr_carea' id='block_1_4' title="bbox 115 2649 1401 2854">
    <p class='ocr_par' dir='ltr' id='par_1_6' title="bbox 115 2649 1401 2854">
     <span class='ocr_line' id='line_1_20' title="bbox 204 2649 1400 2734; baseline 0.005 -24"><span class='ocrx_word' id='word_1_140' title='bbox 204 2649 287 2710; x_wconf 85' lang='lat' dir='ltr'><strong>Cum</strong></span> <span class='ocrx_word' id='word_1_141' title='bbox 310 2649 413 2731; x_wconf 85' lang='lat' dir='ltr'><strong>igitur</strong></span> <span class='ocrx_word' id='word_1_142' title='bbox 441 2671 515 2730; x_wconf 88' lang='lat' dir='ltr'><strong>cum</strong></span> <span class='ocrx_word' id='word_1_143' title='bbox 541 2671 581 2712; x_wconf 89' lang='lat' dir='ltr'><strong>ex</strong></span> <span class='ocrx_word' id='word_1_144' title='bbox 605 2650 855 2714; x_wconf 88' lang='lat' dir='ltr'><strong>veterrimorum</strong></span> <span class='ocrx_word' id='word_1_145' title='bbox 879 2650 1075 2734; x_wconf 89' lang='lat' dir='ltr'><strong>scriptorum</strong></span> <span class='ocrx_word' id='word_1_146' title='bbox 1104 2652 1304 2715; x_wconf 90' lang='lat' dir='ltr'><strong>testimoniis</strong></span> <span class='ocrx_word' id='word_1_147' title='bbox 1329 2660 1400 2716; x_wconf 93' lang='lat' dir='ltr'><strong>tum</strong></span> 
     </span>
     <span class='ocr_line' id='line_1_21' title="bbox 115 2766 1401 2854; baseline 0.005 -26"><span class='ocrx_word' id='word_1_148' title='bbox 115 2789 159 2829; x_wconf 86' lang='lat' dir='ltr'><strong>ex</strong></span> <span class='ocrx_word' id='word_1_149' title='bbox 174 2766 253 2851; x_wconf 89' lang='lat' dir='ltr'><strong>ipsis</strong></span> <span class='ocrx_word' id='word_1_150' title='bbox 269 2767 464 2850; x_wconf 84' lang='lat' dir='ltr'><strong>fragmentis</strong></span> <span class='ocrx_word' id='word_1_151' title='bbox 480 2768 655 2832; x_wconf 91' lang='lat' dir='ltr'><strong>tralaticiis</strong></span> <span class='ocrx_word' id='word_1_152' title='bbox 672 2776 839 2853; x_wconf 89' lang='lat' dir='ltr'><strong>appareat,</strong></span> <span class='ocrx_word' id='word_1_153' title='bbox 858 2770 1016 2832; x_wconf 91' lang='lat' dir='ltr'><strong>sinceram</strong></span> <span class='ocrx_word' id='word_1_154' title='bbox 1035 2771 1159 2854; x_wconf 90' lang='lat' dir='ltr'><strong>Orphei</strong></span> <span class='ocrx_word' id='word_1_155' title='bbox 1175 2771 1401 2854; x_wconf 81' lang='lat' dir='ltr'><strong>Theogoniam</strong></span> 
     </span>
    </p>
   </div>
   <div class='ocr_carea' id='block_1_5' title="bbox 113 2887 1400 2973">
    <p class='ocr_par' dir='ltr' id='par_1_7' title="bbox 113 2887 1400 2973">
     <span class='ocr_line' id='line_1_22' title="bbox 113 2887 1400 2973; baseline 0.005 -25"><span class='ocrx_word' id='word_1_156' title='bbox 113 2887 255 2949; x_wconf 87' lang='lat' dir='ltr'><strong>aNocte</strong></span> <span class='ocrx_word' id='word_1_157' title='bbox 273 2887 405 2950; x_wconf 92' lang='lat' dir='ltr'><strong>demum</strong></span> <span class='ocrx_word' id='word_1_158' title='bbox 419 2887 551 2950; x_wconf 91' lang='lat' dir='ltr'><strong>initium</strong></span> <span class='ocrx_word' id='word_1_159' title='bbox 568 2888 704 2973; x_wconf 89' lang='lat' dir='ltr'><strong>cepisse,</strong></span> <span class='ocrx_word' id='word_1_160' title='bbox 722 2889 786 2952; x_wconf 93' lang='lat' dir='ltr'><strong>duo</strong></span> <span class='ocrx_word' id='word_1_161' title='bbox 797 2888 872 2952; x_wconf 90' lang='lat' dir='ltr'><strong>inde</strong></span> <span class='ocrx_word' id='word_1_162' title='bbox 890 2889 1046 2972; x_wconf 89' lang='lat' dir='ltr'><strong>consequi</strong></span> <span class='ocrx_word' id='word_1_163' title='bbox 1061 2889 1226 2954; x_wconf 86' lang='lat' dir='ltr'><strong>videntur.</strong></span> <span class='ocrx_word' id='word_1_164' title='bbox 1255 2891 1400 2954; x_wconf 91' lang='lat' dir='ltr'><strong>Primum</strong></span> 
     </span>
    </p>
   </div>
   <div class='ocr_carea' id='block_1_6' title="bbox 114 3006 1400 3431">
    <p class='ocr_par' dir='ltr' id='par_1_8' title="bbox 114 3006 1400 3431">
     <span class='ocr_line' id='line_1_23' title="bbox 116 3006 1400 3093; baseline 0.005 -26"><span class='ocrx_word' id='word_1_165' title='bbox 116 3011 190 3068; x_wconf 87' lang='lat' dir='ltr'><strong>tota</strong></span> <span class='ocrx_word' id='word_1_166' title='bbox 205 3012 318 3069; x_wconf 90' lang='lat' dir='ltr'><strong>nostra</strong></span> <span class='ocrx_word' id='word_1_167' title='bbox 334 3007 500 3070; x_wconf 89' lang='lat' dir='ltr'><strong>sententia</strong></span> <span class='ocrx_word' id='word_1_168' title='bbox 515 3006 600 3071; x_wconf 84' lang='lat' dir='ltr'><strong>falsa</strong></span> <span class='ocrx_word' id='word_1_169' title='bbox 615 3007 782 3086; x_wconf 90' lang='lat' dir='ltr'><strong>reddetur,</strong></span> <span class='ocrx_word' id='word_1_170' title='bbox 801 3007 832 3070; x_wconf 90' lang='lat' dir='ltr'><strong>si</strong></span> <span class='ocrx_word' id='word_1_171' title='bbox 848 3030 943 3091; x_wconf 89' lang='lat' dir='ltr'><strong>quae</strong></span> <span class='ocrx_word' id='word_1_172' title='bbox 961 3007 1097 3072; x_wconf 84' lang='lat' dir='ltr'><strong>afferri</strong></span> <span class='ocrx_word' id='word_1_173' title='bbox 1113 3010 1282 3093; x_wconf 91' lang='lat' dir='ltr'><strong>possint,</strong></span> <span class='ocrx_word' id='word_1_174' title='bbox 1305 3032 1400 3093; x_wconf 92' lang='lat' dir='ltr'><strong>quae</strong></span> 
     </span>
     <span class='ocr_line' id='line_1_24' title="bbox 114 3123 1399 3217; baseline 0.003 -29"><span class='ocrx_word' id='word_1_175' title='bbox 114 3125 178 3188; x_wconf 83' lang='lat' dir='ltr'><strong>vel</strong></span> <span class='ocrx_word' id='word_1_176' title='bbox 202 3123 286 3209; x_wconf 91' lang='lat' dir='ltr'><strong>ipsa</strong></span> <span class='ocrx_word' id='word_1_177' title='bbox 307 3127 474 3189; x_wconf 91' lang='lat' dir='ltr'><strong>Noctem</strong></span> <span class='ocrx_word' id='word_1_178' title='bbox 494 3126 533 3190; x_wconf 91' lang='lat' dir='ltr'><strong>in</strong></span> <span class='ocrx_word' id='word_1_179' title='bbox 553 3134 686 3191; x_wconf 90' lang='lat' dir='ltr'><strong>vetere</strong></span> <span class='ocrx_word' id='word_1_180' title='bbox 708 3127 810 3191; x_wconf 91' lang='lat' dir='ltr'><strong>libro</strong></span> <span class='ocrx_word' id='word_1_181' title='bbox 836 3128 1126 3217; x_wconf 86' lang='lat' dir='ltr'><strong>antecesserint</strong></span> <span class='ocrx_word' id='word_1_182' title='bbox 1147 3130 1209 3192; x_wconf 89' lang='lat' dir='ltr'><strong>vel</strong></span> <span class='ocrx_word' id='word_1_183' title='bbox 1232 3152 1314 3193; x_wconf 93' lang='lat' dir='ltr'><strong>cum</strong></span> <span class='ocrx_word' id='word_1_184' title='bbox 1336 3129 1399 3208; x_wconf 92' lang='lat' dir='ltr'><strong>iis,</strong></span> 
     </span>
     <span class='ocr_line' id='line_1_25' title="bbox 114 3222 1399 3330; baseline 0.005 -25"><span class='ocrx_word' id='word_1_185' title='bbox 114 3265 256 3326; x_wconf 88' lang='lat' dir='ltr'><strong>qnaea</strong></span> <span class='ocrx_word' id='word_1_186' title='bbox 276 3247 443 3309; x_wconf 90' lang='lat' dir='ltr'><strong>Proculo</strong></span> <span class='ocrx_word' id='word_1_187' title='bbox 467 3253 555 3308; x_wconf 89' lang='lat' dir='ltr'><strong>ante</strong></span> <span class='ocrx_word' id='word_1_188' title='bbox 579 3269 660 3310; x_wconf 91' lang='lat' dir='ltr'><strong>eam</strong></span> <span class='ocrx_word' id='word_1_189' title='bbox 680 3222 892 3330; x_wconf 67' lang='lat' dir='ltr'><strong>ponuntur,</strong></span> <span class='ocrx_word' id='word_1_190' title='bbox 919 3253 997 3310; x_wconf 90' lang='lat' dir='ltr'><strong>tam</strong></span> <span class='ocrx_word' id='word_1_191' title='bbox 1019 3256 1125 3312; x_wconf 91' lang='lat' dir='ltr'><strong>arcte</strong></span> <span class='ocrx_word' id='word_1_192' title='bbox 1148 3251 1399 3326; x_wconf 89' lang='lat' dir='ltr'><strong>cohaereant,</strong></span> 
     </span>
     <span class='ocr_line' id='line_1_26' title="bbox 115 3363 1399 3431; baseline 0.005 -7"><span class='ocrx_word' id='word_1_193' title='bbox 115 3370 159 3424; x_wconf 86' lang='lat' dir='ltr'><strong>nt</strong></span> <span class='ocrx_word' id='word_1_194' title='bbox 184 3363 300 3426; x_wconf 90' lang='lat' dir='ltr'><strong>etiam</strong></span> <span class='ocrx_word' id='word_1_195' title='bbox 324 3364 394 3427; x_wconf 91' lang='lat' dir='ltr'><strong>illa</strong></span> <span class='ocrx_word' id='word_1_196' title='bbox 418 3363 456 3428; x_wconf 92' lang='lat' dir='ltr'><strong>in</strong></span> <span class='ocrx_word' id='word_1_197' title='bbox 482 3365 649 3430; x_wconf 87' lang='lat' dir='ltr'><strong>carmine</strong></span> <span class='ocrx_word' id='word_1_198' title='bbox 679 3365 847 3429; x_wconf 86' lang='lat' dir='ltr'><strong>infuisse</strong></span> <span class='ocrx_word' id='word_1_199' title='bbox 874 3366 1090 3430; x_wconf 77' lang='lat' dir='ltr'><strong>evincant.³</strong></span> <span class='ocrx_word' id='word_1_200' title='bbox 1136 3367 1285 3431; x_wconf 91' lang='lat' dir='ltr'><strong>Deinde</strong></span> <span class='ocrx_word' id='word_1_201' title='bbox 1309 3390 1399 3431; x_wconf 89' lang='lat' dir='ltr'><strong>vero</strong></span> 
     </span>
    </p>
   </div>
   <div class='ocr_carea' id='block_1_7' title="bbox 111 3600 1401 4434">
    <p class='ocr_par' dir='ltr' id='par_1_9' title="bbox 185 3600 441 3671">
     <span class='ocr_line' id='line_1_27' title="bbox 185 3600 441 3671; baseline 0.012 -18"><span class='ocrx_word' id='word_1_202' title='bbox 185 3600 194 3630; x_wconf 86' lang='lat'>¹</span> <span class='ocrx_word' id='word_1_203' title='bbox 212 3605 275 3668; x_wconf 59' lang='lat' dir='ltr'><strong>Agl.</strong></span> <span class='ocrx_word' id='word_1_204' title='bbox 291 3623 321 3670; x_wconf 79' lang='lat' dir='ltr'><strong>p.</strong></span> <span class='ocrx_word' id='word_1_205' title='bbox 341 3610 390 3653; x_wconf 84' lang='lat'><strong>496</strong></span> <span class='ocrx_word' id='word_1_206' title='bbox 403 3624 441 3671; x_wconf 78' lang='lat' dir='ltr'><strong>aq.</strong></span> 
     </span>
    </p>

    <p class='ocr_par' dir='ltr' id='par_1_10' title="bbox 111 3685 1401 4181">
     <span class='ocr_line' id='line_1_28' title="bbox 184 3685 1400 3759; baseline 0.005 -22"><span class='ocrx_word' id='word_1_207' title='bbox 184 3685 352 3738; x_wconf 74' lang='lat' dir='ltr'><strong>²Phanetcm</strong></span> <span class='ocrx_word' id='word_1_208' title='bbox 370 3691 482 3754; x_wconf 89' lang='lat' dir='ltr'><strong>primum</strong></span> <span class='ocrx_word' id='word_1_209' title='bbox 501 3691 582 3740; x_wconf 86' lang='lat' dir='ltr'><strong>solam</strong></span> <span class='ocrx_word' id='word_1_210' title='bbox 600 3691 708 3740; x_wconf 87' lang='lat' dir='ltr'><strong>Noctem</strong></span> <span class='ocrx_word' id='word_1_211' title='bbox 727 3691 837 3741; x_wconf 88' lang='lat' dir='ltr'><strong>edidisse</strong></span> <span class='ocrx_word' id='word_1_212' title='bbox 855 3700 926 3755; x_wconf 88' lang='lat' dir='ltr'><strong>puto.</strong></span> <span class='ocrx_word' id='word_1_213' title='bbox 956 3693 1022 3742; x_wconf 84' lang='lat' dir='ltr'><strong>Nam</strong></span> <span class='ocrx_word' id='word_1_214' title='bbox 1041 3710 1106 3758; x_wconf 86' lang='lat' dir='ltr'><strong>quae</strong></span> <span class='ocrx_word' id='word_1_215' title='bbox 1126 3696 1194 3759; x_wconf 87' lang='lat' dir='ltr'><strong>apud</strong></span> <span class='ocrx_word' id='word_1_216' title='bbox 1208 3695 1400 3758; x_wconf 82' lang='lat' dir='ltr'><strong>Athenagoram</strong></span> 
     </span>
     <span class='ocr_line' id='line_1_29' title="bbox 113 3775 1401 3853; baseline 0.003 -29"><span class='ocrx_word' id='word_1_217' title='bbox 113 3775 293 3840; x_wconf 60' lang='lat' dir='ltr'><strong>(amputatio</strong></span> <span class='ocrx_word' id='word_1_218' title='bbox 307 3792 358 3841; x_wconf 76' lang='lat' dir='ltr'><strong>pro</strong></span> <span class='ocrx_word' id='word_1_219' title='bbox 379 3777 531 3826; x_wconf 64' lang='lat' dir='ltr'><strong>Christianae</strong></span> <span class='ocrx_word' id='word_1_220' title='bbox 549 3779 588 3827; x_wconf 85' lang='lat' dir='ltr'><strong>ed.</strong></span> <span class='ocrx_word' id='word_1_221' title='bbox 611 3779 670 3827; x_wconf 76' lang='lat' dir='ltr'><strong>Otto</strong></span> <span class='ocrx_word' id='word_1_222' title='bbox 691 3776 782 3842; x_wconf 77' lang='lat' dir='ltr'><strong>[Jenae</strong></span> <span class='ocrx_word' id='word_1_223' title='bbox 802 3777 878 3843; x_wconf 81' lang='lat'>1857]</span> <span class='ocrx_word' id='word_1_224' title='bbox 899 3797 921 3828; x_wconf 80' lang='lat' dir='ltr'><strong>e.</strong></span> <span class='ocrx_word' id='word_1_225' title='bbox 942 3784 974 3827; x_wconf 82' lang='lat'><strong>20</strong></span> <span class='ocrx_word' id='word_1_226' title='bbox 988 3798 1019 3845; x_wconf 82' lang='lat' dir='ltr'><strong>p.</strong></span> <span class='ocrx_word' id='word_1_227' title='bbox 1039 3779 1084 3842; x_wconf 83' lang='lat'><strong>96)</strong></span> <span class='ocrx_word' id='word_1_228' title='bbox 1108 3781 1138 3828; x_wconf 89' lang='lat' dir='ltr'><strong>de</strong></span> <span class='ocrx_word' id='word_1_229' title='bbox 1157 3776 1224 3852; x_wconf 68' lang='grc' dir='ltr'>ἄλλῃ</span> <span class='ocrx_word' id='word_1_230' title='bbox 1244 3783 1317 3853; x_wconf 68' lang='grc' dir='ltr'>γενεῇ</span> <span class='ocrx_word' id='word_1_231' title='bbox 1334 3780 1401 3829; x_wconf 87' lang='lat' dir='ltr'><strong>Pha·</strong></span> 
     </span>
     <span class='ocr_line' id='line_1_30' title="bbox 115 3861 1399 3928; baseline 0.006 -21"><span class='ocrx_word' id='word_1_232' title='bbox 115 3861 181 3909; x_wconf 84' lang='lat' dir='ltr'><strong>netis</strong></span> <span class='ocrx_word' id='word_1_233' title='bbox 207 3861 340 3925; x_wconf 88' lang='lat' dir='ltr'><strong>leguntur,</strong></span> <span class='ocrx_word' id='word_1_234' title='bbox 368 3862 441 3910; x_wconf 85' lang='lat' dir='ltr'><strong>valde</strong></span> <span class='ocrx_word' id='word_1_235' title='bbox 468 3862 570 3923; x_wconf 85' lang='lat' dir='ltr'><strong>dubito,</strong></span> <span class='ocrx_word' id='word_1_236' title='bbox 600 3877 633 3911; x_wconf 85' lang='lat' dir='ltr'><strong>an</strong></span> <span class='ocrx_word' id='word_1_237' title='bbox 657 3878 688 3912; x_wconf 89' lang='lat' dir='ltr'><strong>ca</strong></span> <span class='ocrx_word' id='word_1_238' title='bbox 712 3863 879 3926; x_wconf 87' lang='lat' dir='ltr'><strong>Theogoniae</strong></span> <span class='ocrx_word' id='word_1_239' title='bbox 906 3865 1075 3928; x_wconf 84' lang='lat' dir='ltr'><strong>rhapsodicae</strong></span> <span class='ocrx_word' id='word_1_240' title='bbox 1102 3866 1238 3915; x_wconf 85' lang='lat' dir='ltr'><strong>tribuenda</strong></span> <span class='ocrx_word' id='word_1_241' title='bbox 1264 3882 1316 3916; x_wconf 88' lang='lat' dir='ltr'><strong>non</strong></span> <span class='ocrx_word' id='word_1_242' title='bbox 1340 3868 1399 3916; x_wconf 81' lang='lat' dir='ltr'><strong>sint.</strong></span> 
     </span>
     <span class='ocr_line' id='line_1_31' title="bbox 116 3945 1400 4020; baseline 0.006 -28"><span class='ocrx_word' id='word_1_243' title='bbox 116 3945 244 4007; x_wconf 87' lang='lat' dir='ltr'><strong>Equidem</strong></span> <span class='ocrx_word' id='word_1_244' title='bbox 267 3961 298 3995; x_wconf 89' lang='lat' dir='ltr'><strong>ca</strong></span> <span class='ocrx_word' id='word_1_245' title='bbox 320 3947 403 4009; x_wconf 89' lang='lat' dir='ltr'><strong>magis</strong></span> <span class='ocrx_word' id='word_1_246' title='bbox 426 3947 555 4020; x_wconf 81' lang='lat' dir='ltr'><strong>Hellanici</strong></span> <span class='ocrx_word' id='word_1_247' title='bbox 578 3947 744 4010; x_wconf 88' lang='lat' dir='ltr'><strong>Theogoniae</strong></span> <span class='ocrx_word' id='word_1_248' title='bbox 767 3949 956 4014; x_wconf 86' lang='lat' dir='ltr'><strong>adscripserim.</strong></span> <span class='ocrx_word' id='word_1_249' title='bbox 993 3951 1067 4000; x_wconf 88' lang='lat' dir='ltr'><strong>Hanc</strong></span> <span class='ocrx_word' id='word_1_250' title='bbox 1091 3953 1159 4000; x_wconf 87' lang='lat' dir='ltr'><strong>enim</strong></span> <span class='ocrx_word' id='word_1_251' title='bbox 1182 3953 1264 4000; x_wconf 91' lang='lat' dir='ltr'><strong>solam</strong></span> <span class='ocrx_word' id='word_1_252' title='bbox 1287 3952 1400 4001; x_wconf 88' lang='lat' dir='ltr'><strong>Athena-</strong></span> 
     </span>
     <span class='ocr_line' id='line_1_32' title="bbox 116 4031 1401 4100; baseline 0.005 -21"><span class='ocrx_word' id='word_1_253' title='bbox 116 4044 191 4093; x_wconf 86' lang='lat' dir='ltr'><strong>goras</strong></span> <span class='ocrx_word' id='word_1_254' title='bbox 216 4032 307 4080; x_wconf 86' lang='lat' dir='ltr'><strong>ceteris</strong></span> <span class='ocrx_word' id='word_1_255' title='bbox 330 4032 407 4094; x_wconf 88' lang='lat' dir='ltr'><strong>locis,</strong></span> <span class='ocrx_word' id='word_1_256' title='bbox 433 4032 478 4080; x_wconf 90' lang='lat' dir='ltr'><strong>ubi</strong></span> <span class='ocrx_word' id='word_1_257' title='bbox 501 4033 532 4081; x_wconf 92' lang='lat' dir='ltr'><strong>de</strong></span> <span class='ocrx_word' id='word_1_258' title='bbox 556 4031 659 4096; x_wconf 86' lang='lat' dir='ltr'><strong>Orpheo</strong></span> <span class='ocrx_word' id='word_1_259' title='bbox 682 4034 810 4096; x_wconf 86' lang='lat' dir='ltr'><strong>loquitur,</strong></span> <span class='ocrx_word' id='word_1_260' title='bbox 835 4036 909 4099; x_wconf 87' lang='lat' dir='ltr'><strong>sequi</strong></span> <span class='ocrx_word' id='word_1_261' title='bbox 931 4037 1031 4085; x_wconf 82' lang='lat' dir='ltr'><strong>videtur</strong></span> <span class='ocrx_word' id='word_1_262' title='bbox 1056 4036 1101 4100; x_wconf 87' lang='lat' dir='ltr'><strong>(cf.</strong></span> <span class='ocrx_word' id='word_1_263' title='bbox 1127 4051 1193 4100; x_wconf 89' lang='lat' dir='ltr'><strong>quae</strong></span> <span class='ocrx_word' id='word_1_264' title='bbox 1217 4038 1248 4086; x_wconf 87' lang='lat' dir='ltr'><strong>de</strong></span> <span class='ocrx_word' id='word_1_265' title='bbox 1272 4038 1311 4086; x_wconf 90' lang='lat' dir='ltr'><strong>his</strong></span> <span class='ocrx_word' id='word_1_266' title='bbox 1333 4037 1401 4085; x_wconf 84' lang='lat' dir='ltr'><strong>infra</strong></span> 
     </span>
     <span class='ocr_line' id='line_1_33' title="bbox 111 4115 325 4181; baseline 0.014 -19"><span class='ocrx_word' id='word_1_267' title='bbox 111 4115 229 4165; x_wconf 85' lang='lat' dir='ltr'><strong>dicturus</strong></span> <span class='ocrx_word' id='word_1_268' title='bbox 247 4117 325 4181; x_wconf 88' lang='lat' dir='ltr'><strong>sum).</strong></span> 
     </span>
    </p>

    <p class='ocr_par' dir='ltr' id='par_1_11' title="bbox 111 4197 1399 4434">
     <span class='ocr_line' id='line_1_34' title="bbox 183 4197 1399 4269; baseline 0.006 -19"><span class='ocrx_word' id='word_1_269' title='bbox 183 4197 347 4251; x_wconf 79' lang='lat' dir='ltr'><strong>³Eiusm0di</strong></span> <span class='ocrx_word' id='word_1_270' title='bbox 370 4202 467 4266; x_wconf 86' lang='lat' dir='ltr'><strong>aliquid</strong></span> <span class='ocrx_word' id='word_1_271' title='bbox 486 4202 607 4252; x_wconf 79' lang='lat' dir='ltr'><strong>Phanotis</strong></span> <span class='ocrx_word' id='word_1_272' title='bbox 630 4204 759 4268; x_wconf 84' lang='lat' dir='ltr'><strong>desorptio</strong></span> <span class='ocrx_word' id='word_1_273' title='bbox 786 4213 825 4254; x_wconf 85' lang='lat' dir='ltr'><strong>est</strong></span> <span class='ocrx_word' id='word_1_274' title='bbox 847 4220 893 4269; x_wconf 90' lang='lat' dir='ltr'><strong>per</strong></span> <span class='ocrx_word' id='word_1_275' title='bbox 915 4205 1008 4255; x_wconf 80' lang='lat' dir='ltr'><strong>Jovem</strong></span> <span class='ocrx_word' id='word_1_276' title='bbox 1031 4205 1106 4254; x_wconf 87' lang='lat' dir='ltr'><strong>facta.</strong></span> <span class='ocrx_word' id='word_1_277' title='bbox 1146 4204 1218 4265; x_wconf 85' lang='lat' dir='ltr'><strong>Quae</strong></span> <span class='ocrx_word' id='word_1_278' title='bbox 1237 4207 1259 4255; x_wconf 84' lang='lat' dir='ltr'><strong>si</strong></span> <span class='ocrx_word' id='word_1_279' title='bbox 1278 4221 1294 4254; x_wconf 88' lang='lat' dir='ltr'><strong>a</strong></span> <span class='ocrx_word' id='word_1_280' title='bbox 1313 4214 1399 4257; x_wconf 84' lang='lat' dir='ltr'><strong>vetere</strong></span> 
     </span>
     <span class='ocr_line' id='line_1_35' title="bbox 112 4289 1399 4356; baseline 0.005 -21"><span class='ocrx_word' id='word_1_281' title='bbox 112 4294 192 4350; x_wconf 86' lang='lat' dir='ltr'><strong>pocta</strong></span> <span class='ocrx_word' id='word_1_282' title='bbox 208 4295 311 4337; x_wconf 82' lang='lat' dir='ltr'><strong>narrata</strong></span> <span class='ocrx_word' id='word_1_283' title='bbox 329 4295 379 4348; x_wconf 84' lang='lat' dir='ltr'><strong>est,</strong></span> <span class='ocrx_word' id='word_1_284' title='bbox 402 4289 510 4352; x_wconf 88' lang='lat' dir='ltr'><strong>primam</strong></span> <span class='ocrx_word' id='word_1_285' title='bbox 535 4304 637 4353; x_wconf 87' lang='lat' dir='ltr'><strong>qnoque</strong></span> <span class='ocrx_word' id='word_1_286' title='bbox 662 4290 764 4340; x_wconf 87' lang='lat' dir='ltr'><strong>fabulae</strong></span> <span class='ocrx_word' id='word_1_287' title='bbox 785 4299 893 4355; x_wconf 87' lang='lat' dir='ltr'><strong>partem,</strong></span> <span class='ocrx_word' id='word_1_288' title='bbox 918 4306 984 4355; x_wconf 90' lang='lat' dir='ltr'><strong>quae</strong></span> <span class='ocrx_word' id='word_1_289' title='bbox 1003 4299 1041 4340; x_wconf 87' lang='lat' dir='ltr'><strong>est</strong></span> <span class='ocrx_word' id='word_1_290' title='bbox 1059 4292 1090 4340; x_wconf 92' lang='lat' dir='ltr'><strong>de</strong></span> <span class='ocrx_word' id='word_1_291' title='bbox 1108 4291 1229 4340; x_wconf 81' lang='lat' dir='ltr'><strong>Phanotis</strong></span> <span class='ocrx_word' id='word_1_292' title='bbox 1248 4300 1304 4341; x_wconf 87' lang='lat' dir='ltr'><strong>ortu</strong></span> <span class='ocrx_word' id='word_1_293' title='bbox 1323 4299 1399 4356; x_wconf 87' lang='lat' dir='ltr'><strong>atque</strong></span> 
     </span>
     <span class='ocr_line' id='line_1_36' title="bbox 111 4372 623 4434; baseline 0.006 -14"><span class='ocrx_word' id='word_1_294' title='bbox 111 4372 244 4434; x_wconf 87' lang='lat' dir='ltr'><strong>operibus,</strong></span> <span class='ocrx_word' id='word_1_295' title='bbox 263 4374 409 4423; x_wconf 83' lang='lat' dir='ltr'><strong>necessario</strong></span> <span class='ocrx_word' id='word_1_296' title='bbox 428 4389 515 4424; x_wconf 87' lang='lat' dir='ltr'><strong>secum</strong></span> <span class='ocrx_word' id='word_1_297' title='bbox 533 4375 623 4425; x_wconf 85' lang='lat' dir='ltr'><strong>trahet.</strong></span> 
     </span>
    </p>
   </div>
   <div class='ocr_carea' id='block_1_8' title="bbox 0 0 1524 4988">
    <p class='ocr_par' dir='ltr' id='par_1_12' title="bbox 0 0 1524 4988">
     <span class='ocr_line' id='line_1_37' title="bbox 0 0 1524 4988; baseline 0 0"><span class='ocrx_word' id='word_1_298' title='bbox 0 0 1524 4988; x_wconf 95' lang='lat' dir='ltr'><strong> </strong></span> 
     </span>
    </p>
   </div>
  </div>
 </body>
</html>
