3038 4988
742 214 780 274 26

118 438 214 478 mano
239 415 387 497 Orpheo,
412 414 467 497 qui
488 415 647 479 Phanetis
669 437 709 479 ne
732 415 899 479 minimam
922 414 1054 498 quidem
1075 415 1230 479 notitiam
1251 417 1400 482 haberet.

119 536 241 598 Verum
259 534 347 617 quod
363 534 485 597 attinet
501 534 542 597 ad
558 534 727 598 Minervae
744 558 811 599 non
826 541 946 612 ortum,
964 534 1023 598 sed
1043 535 1273 598 educationem
1288 558 1402 601 recens

117 654 203 718 liber
232 660 405 737 propterea
435 653 515 716 mihi
545 654 699 737 antiquae
730 653 960 738 descriptionis
986 655 1111 717 colores
1137 655 1242 737 magis
1272 655 1404 720 videtur

120 772 375 851 conservavisse,
400 773 569 855 quodiam
590 779 734 837 veterem
750 781 884 856 poetam
901 772 1039 836 Curetes
1057 795 1131 835 cum
1147 775 1409 839 Atheniensium

119 899 197 978 Κόρῃ
212 899 258 959 καὶ
272 894 415 979 δεσποίνῃ1
434 891 641 954 coniunxisse
659 914 732 955 cum
748 893 909 956 Proculo*²
926 913 967 955 ex
982 892 1133 956 Platonis
1145 892 1293 976 Legibus
1310 895 1403 958 colli·

119 1032 197 1094 gere
220 1010 311 1073 licet.
339 1012 496 1073 —Porro
521 1034 586 1075 non
611 1011 812 1094 refragabor,
839 1011 866 1074 si
891 987 943 1074 cui
966 1011 1001 1074 in
1025 1011 1140 1075 iisdem
1161 1012 1328 1095 Legibus⁸
1352 1019 1404 1102 τὴν

118 1139 262 1216 λεγομένην
289 1139 403 1197 παλαιὰν
426 1138 563 1216 Τιτανικὴν
586 1137 661 1217 φύσιν
689 1131 730 1193 ad
754 1129 930 1193 Thracium
958 1137 1068 1194 vatem
1093 1130 1213 1194 referre
1240 1133 1403 1215 placuerit

119 1248 268 1311 homines
293 1270 334 1311 ex
356 1248 509 1312 Titanum
535 1249 642 1312 cinere
667 1258 856 1333 procreatos
882 1252 1086 1328 canentem,4
1110 1251 1164 1313 vel
1190 1252 1401 1330 contendere,

118 1366 251 1431 Politici
274 1370 351 1450 (non
367 1367 508 1446 Philebi,
532 1369 612 1451 Agl.
636 1372 759 1452 phil)
782 1370 890 1432 locum
912 1394 945 1454 p.
965 1372 1133 1433 269-272
1155 1369 1323 1433 nonnullis
1347 1393 1402 1434 ex-

119 1493 271 1550 ornatum
290 1507 372 1564 esse,
399 1509 481 1568 quae
497 1489 594 1550 Plato
617 1510 660 1550 ex·
675 1488 799 1571 Orphei
821 1488 1041 1572 descriptione
1062 1488 1156 1571 regni
1178 1490 1325 1553 Saturnii
1346 1490 1402 1552 de-

117 1606 326 1690 prompserit.
360 1605 449 1669 Quin
463 1607 528 1669 imo
547 1628 619 1670 cum
635 1614 705 1670 tam
721 1629 817 1691 saepe
829 1607 928 1700 illum
944 1608 1042 1691 hujus
1059 1608 1283 1691 Theogoniam
1300 1609 1402 1692 respi-

119 1746 191 1788 cere
208 1725 405 1808 apparuerit‚
421 1725 562 1788 fortasse
579 1726 679 1790 etiam
690 1727 888 1790 Adrasteam
904 1727 937 1789 in
948 1728 1118 1791 Phaedro⁶
1140 1728 1180 1790 ab
1201 1749 1238 1790 eo
1253 1735 1402 1792 mutuam

117 1844 296 1927 sumpsisse
307 1845 483 1927 putandus
503 1867 584 1926 quae
596 1868 659 1909 una
671 1868 744 1908 cum
756 1845 933 1909 Curetibus
944 1853 978 1908 et
988 1846 1049 1909 Ida
1066 1869 1175 1909 sorore
1186 1848 1206 1908 J
1207 1846 1277 1909 ovis
1289 1855 1401 1910 custos

117 1963 442 2048 apoetareddatur.6
466 1966 650 2042 Postremo,
669 1972 707 2026 ut
717 1967 780 2028 hoc
796 1964 860 2027 iam
871 1986 958 2028 nunc
975 1966 1103 2043 addam,
1121 1965 1271 2029 Platonis
1282 1966 1401 2029 verba⁷

12 2135 14 2139 .
118 2088 246 2164 ὁ..’θεὸς,
262 2093 354 2169 ὥσπερ
365 2092 409 2150 καὶ
424 2092 438 2149 ὁ
452 2092 564 2157 παλαιὸς
579 2092 663 2168 λόγος,
680 2093 764 2173 ἀρχήν
773 2116 803 2152 τε
819 2093 863 2151 καὶ
876 2094 1004 2169 τελευτὴν
1018 2093 1063 2152 καὶ
1072 2094 1141 2170 μέσα
1156 2099 1209 2152 τῶν
1224 2091 1306 2152 ὄντων
1321 2095 1401 2153 ἁπάν-

116 2234 170 2270 των
190 2209 261 2292 έχων
277 2209 371 2287 εὐθείᾳ
391 2209 507 2288 περαίνει
522 2211 591 2269 κατὰ
612 2215 687 2288 φύσιν
700 2212 949 2299 περιπορευόμενος·
971 2217 1011 2290 τῷ
1027 2209 1048 2271 δ’
1066 2211 1107 2271 ἀεὶ
1122 2209 1256 2278 ξυνέπεται
1271 2211 1332 2288 δίκη
1348 2218 1402 2271 τῶν

117 2330 332 2407 ἀπολειπομένων
351 2335 400 2390 τοῦ
421 2329 497 2388 θείου
517 2329 598 2406 νόμου
618 2331 743 2408 τιμωρός,
768 2322 809 2384 ad
822 2302 915 2404 'quae
936 2323 1176 2386 Scholiastesz⁸
1198 2330 1269 2390 ’θεὸν
1290 2332 1337 2408 μὲν
1357 2331 1402 2389 τὸν

114 2449 275 2525 δημιουργὸν
291 2455 393 2527 σαφῶς,
408 2450 519 2507 παλαιὸν
535 2450 564 2508 δὲ
580 2449 655 2525 λόγον
671 2449 741 2524 λέγει
756 2449 801 2507 τὸν
811 2446 948 2527 Ὀρφικὸν,
964 2449 993 2516 ὅς
1008 2451 1075 2509 ἐστιν
1089 2448 1174 2515 οὗτος*

277 2536 283 2545 ·
364 2558 430 2617 Ζεὺς
449 2561 528 2631 ἀρχή,
549 2558 615 2616 Ζεὺς
633 2560 723 2628 μέσσα,
743 2556 800 2618 Διὸς
819 2558 838 2612 δ’
858 2561 888 2613 έν
906 2562 988 2613 πάντα
1006 2562 1133 2620 πέτονται,

364 2660 430 2719 Ζεὺς
448 2660 552 2731 πυθμὴν
570 2661 645 2733 γαίης
662 2681 689 2714 τε
709 2663 753 2714 καὶ
771 2661 877 2734 οὐρανοῦ
897 2663 1066 2733 ἀστερόεντος,

115 2785 181 2825 non
204 2763 311 2825 solum
332 2763 406 2826 ideo
429 2770 613 2826 memoratu
634 2763 735 2846 digna
757 2772 849 2841 sunt,
876 2764 964 2847 quod
986 2765 1160 2827 Platonem
1182 2764 1315 2849 aliquod
1338 2765 1400 2827 Or·

185 3000 300 3061 1Ρλοιο,
320 3005 398 3068 Ινομφ.
424 3005 486 3063 VII,
506 3008 553 3053 796
567 3007 600 3063 Β,
620 3004 652 3052 cf.
674 3002 774 3053 Schol.:
797 2999 871 3074 Κόρη
890 3004 934 3054 καὶ
954 3003 1103 3072 ὃέσποινα]ἡ
1120 3000 1231 3074 Ἀθηνᾶ.

184 3084 194 3116 ²
215 3090 300 3147 Theoi.
325 3090 355 3148 V,
375 3096 398 3138 3.
419 3095 468 3138 323
487 3091 560 3154 (Ayl.
577 3108 606 3155 p.
628 3089 697 3154 541),

184 3169 264 3222 ἸΙΙ
274 3192 303 3239 p.
326 3176 416 3223 7010.

183 3255 275 3323 4Αφί.
290 3277 320 3325 ρ.
342 3265 400 3309 565.
422 3288 450 3296 -
472 3259 635 3322 Quemquam
658 3260 746 3308 malim
770 3260 885 3308 Platonis
908 3261 993 3308 locum
1012 3274 1045 3309 ex
1062 3261 1094 3308 iis
1113 3261 1268 3323 intelligere,
1289 3275 1354 3323 quae
1372 3261 1399 3308 iu

115 3344 237 3406 Aeschyli
256 3345 408 3394 Prometheo
427 3346 458 3394 dc
476 3345 624 3394 hominibus
642 3345 674 3393 ab
693 3345 743 3394 hoc
761 3345 853 3394 Titane
872 3346 945 3394 novis
964 3346 1012 3394 diis
1031 3347 1198 3394 infestissimo
1218 3347 1248 3393 ad
1268 3346 1400 3394 meliorem

114 3430 181 3477 vitae
201 3437 294 3478 statum
313 3431 421 3480 excultis
440 3431 580 3479 traduntur.

183 3510 244 3564 ὅΡ.
265 3521 313 3564 ass
329 3517 356 3574 ο,
375 3516 408 3563 cf.
428 3519 492 3580 sep.
517 3516 546 3574 V,
566 3521 612 3564 451
627 3519 663 3566 Α.

183 3596 274 3663 ⁰A9l.
290 3619 320 3665 p.
342 3606 399 3649 514.
1047 3646 1050 3653 .

184 3681 194 3712 ⁷
212 3686 291 3749 Ινεμμ.
306 3686 356 3744 IV,
372 3689 419 3734 715
432 3689 459 3735 Ε
470 3704 508 3751 sq.
546 3687 620 3735 Plato
639 3687 715 3735 etiam
734 3687 790 3735 aliis
809 3686 908 3749 Legum
926 3687 990 3735 locis
1010 3686 1073 3750 (VI,
1088 3690 1135 3735 782
1150 3688 1181 3735 0:
1202 3680 1317 3755 Ὀρφικοί
1335 3671 1400 3740 τινες

115 3767 249 3837 λεγόμενοι
271 3769 333 3838 βίοι,
357 3772 440 3830 VIII,
460 3777 508 3819 829
522 3773 561 3821 E:
585 3779 636 3822 τῶν
656 3768 777 3842 Θαμύρου
800 3789 828 3822 τε
846 3771 890 3823 καὶ
907 3766 1032 3842 Ὀρφείων
1057 3767 1142 3838 ὕμνων
1167 3771 1199 3819 cf.
1224 3772 1279 3829 ΙΙΙ,
1299 3769 1399 3833 6771))

116 3853 213 3916 Orphei
237 3856 394 3904 mentionem
418 3857 488 3905 facit.
525 3857 612 3906 Facile
635 3858 713 3920 igitur
737 3859 813 3906 etiam
838 3858 909 3905 illum
932 3855 1039 3907 παλαιὸν
1064 3855 1138 3925 λόγον
1160 3871 1193 3906 cx
1217 3857 1273 3905 eius
1298 3855 1399 3918 scriptis

116 3954 216 3988 sumere
234 3941 325 4003 potuit.
610 3988 613 3992 ,

184 4022 238 4076 ⁸5.
258 4026 392 4075 Beckeri
412 4033 539 4077 commeat.
559 4030 618 4077 erit.
639 4029 768 4091 (Beroliai
788 4025 863 4091 1823)
885 4028 913 4076 Τ.
935 4028 973 4085 ΙΙ,
992 4031 1051 4074 451.
1088 4025 1209 4075 Ceterum
1229 4025 1400 4075 Scholiastam

115 4125 149 4160 ex
166 4111 321 4174 Rhapsodiis
345 4112 468 4175 hausisse,
492 4120 546 4161 tum
567 4113 626 4161 inde
649 4114 737 4175 liquet,
764 4113 832 4176 quod
856 4127 943 4160 versus
965 4112 1056 4160 iisdem
1078 4111 1161 4160 verbis
1180 4119 1256 4175 atquc
1274 4112 1399 4161 Proculus

115 4197 177 4245 citat
196 4198 269 4262 (Agl.
286 4215 314 4262 ρ.
336 4202 382 4245 521
404 4199 438 4248 N.
458 4197 494 4260 ο),
520 4206 574 4247 tum
593 4199 683 4260 exiis,
710 4214 776 4262 quae
796 4197 942 4261 explicandi
961 4211 1040 4245 causa
1057 4196 1108 4245 illis
1126 4197 1240 4246 versibus
1259 4197 1397 4260 subiungit.

115 4280 198 4330 Valde
223 4282 291 4330 enim
314 4283 505 4331 Platonicorum
528 4285 648 4347 pergulas
672 4284 796 4335 redolent.
817 4311 846 4319 —
868 4280 988 4332 Ceterum
1010 4283 1084 4345 plura
1106 4284 1137 4332 de
1161 4283 1210 4330 hoc
1233 4282 1399 4332 celeberrimo

116 4367 198 4414 nostri
217 4368 336 4415 carminis
354 4368 412 4416 loco
431 4368 497 4416 infra
515 4367 628 4417 afferam.
