3038 4988
710 243 750 305 87

644 331 815 340 ...-

95 457 157 527 tur,
175 457 286 512 tamen
302 448 332 511 ei
348 447 448 510 etiam
464 468 538 509 eum
554 447 696 509 Hercule
707 445 879 530 Tyriorum
895 445 1025 509 videtur
1041 445 1221 511 similitudo
1238 447 1370 511 fnisse.¹

95 571 210 653 Neque
226 568 420 644 mirandum,
439 565 467 629 si
482 565 685 644 HellanicuS,
702 572 797 648 pater
811 565 911 645 illins,
928 565 984 648 qni
993 565 1202 648 Theogoniae
1219 587 1296 630 suae
1312 566 1373 629 ini-

95 689 177 752 tium
200 689 241 751 ab
265 686 407 750 Hercule
431 684 589 769 cepisset,
616 684 721 748 filium
744 685 853 768 aliquo
877 685 975 768 hujus
999 685 1052 748 dei
1075 685 1206 749 nomine
1232 685 1370 749 ornavit.

95 810 181 871 Puto
210 808 328 889 igitur,
352 805 449 868 illum
473 804 684 868 Hellanicum
713 828 732 867 a
755 804 930 868 Damaseio
962 804 1146 868 adhibitum
1174 804 1374 868 Phoenicem

96 927 196 990 fuisse
226 931 303 1009 post
332 924 505 988 medium
535 925 742 988 saeculnm
772 924 992 987 secundum
1019 947 1038 987 a
1063 924 1129 986 Ch.
1157 930 1283 987 natum.
1328 924 1374 986 Et

96 1047 236 1109 fortasse
259 1045 329 1128 ipsc
359 1044 423 1107 iam
449 1042 580 1106 Stoicus
609 1051 680 1107 erat
707 1043 794 1106 sicut
818 1044 1042 1127 Apollodorus
1070 1066 1184 1126 nepos.
1231 1043 1319 1106 Nam
1347 1042 1376 1107 si

97 1165 226 1228 Stoicae
243 1171 353 1228 sectae
369 1163 597 1227 scholarehas²
613 1163 879 1247 perlustraveris,
901 1164 1012 1246 plnres
1027 1163 1073 1227 ibi
1089 1185 1185 1246 quam
1202 1162 1236 1224 in
1255 1161 1374 1225 ceteris

96 1283 218 1347 scholis
234 1283 470 1366 deprehendes,
488 1283 544 1366 qui
559 1283 611 1344 vel
629 1304 669 1347 ex
683 1282 755 1365 ipsa
765 1282 943 1347 Phoenicia
957 1283 1011 1346 vel
1028 1305 1068 1346 ex
1079 1283 1187 1366 Cypro
1203 1282 1258 1347 vel
1273 1282 1374 1344 Tarso

97 1403 162 1466 orti
176 1402 313 1480 fuerint,
336 1401 384 1465 ita
399 1409 437 1465 ut
455 1401 688 1485 suspicandum
708 1401 766 1480 sit,
791 1405 908 1466 harum
928 1402 1099 1485 regionum
1121 1401 1269 1465 homines
1290 1401 1377 1466 inter

98 1545 210 1587 omnes
226 1523 441 1607 philosophos
457 1521 598 1585 maxime
613 1522 796 1600 Zenonem,
817 1523 1008 1605 popularem
1024 1545 1135 1600 suum,
1159 1521 1215 1604 qui
1231 1520 1376 1585 Stoicam

97 1643 245 1706 scholam
261 1641 459 1719 condiderit,
483 1648 615 1705 secutor
632 1643 735 1705 esse⁸
767 1641 866 1705 Quod
882 1641 909 1705 si
924 1641 973 1705 ita
988 1649 1056 1721 est,
1079 1640 1289 1718 Hellanicus,
1313 1663 1375 1724 quo

98 1768 192 1825 erant
208 1761 311 1824 Stoici
328 1761 404 1824 inde
425 1783 444 1823 a
460 1760 644 1845 Chrysippo
667 1761 802 1824 deorum
822 1761 1003 1844 patriorum
1023 1762 1274 1843 fabularumque
1293 1762 1376 1844 phy·

99 1880 163 1943 sice
189 1879 457 1962 explicandorum
482 1879 609 1958 studio,
636 1880 732 1946 facile
758 1880 956 1963 theogoniae
988 1880 1176 1944 condendae
1205 1879 1378 1943 consilium

99 2020 213 2082 capere
233 1998 373 2082 potuit*
404 1999 469 2062 Sed
491 2021 566 2062 eum
588 2006 622 2062 et
638 2000 769 2063 Stoicus
791 2006 880 2064 esset
901 2006 935 2063 et
949 1999 1171 2078 Phoeniceus,
1195 1999 1273 2082 qnid
1294 1998 1377 2062 veri·

99 2118 253 2197 similius,
277 2141 375 2202 quam
391 2139 465 2181 eum
482 2118 616 2182 Graecis
633 2119 754 2183 fabulis
773 2126 808 2183 et
824 2119 952 2183 Stoicae
975 2119 1133 2202 quasdam
1155 2118 1323 2203 opiniones
1344 2125 1378 2182 et

98 2239 302 2302 Phoeniceae
317 2238 508 2321 theologiae
523 2239 682 2303 nonnulla
697 2238 859 2304 lenocinia
875 2238 1108 2303 admiscuisse?
1147 2239 1224 2303 Non
1242 2261 1376 2322 parvam

98 2357 200 2441 igitur
215 2356 459 2441 probabilitatis
476 2357 618 2441 speeiem
634 2364 748 2422 nostra
769 2359 809 2421 de
830 2365 964 2422 anctore
980 2358 1255 2444 Hieronymianae
1271 2358 1378 2421 Theo-

96 2476 213 2559 goniae
239 2478 429 2562 conjectura
455 2477 571 2554 ducet,
597 2477 625 2540 si
652 2463 1002 2557 demonstraverimus,
1029 2500 1099 2542 esse
1130 2478 1164 2545 in
1193 2478 1267 2556 illa,
1295 2498 1378 2561 qnae

97 2596 214 2660 mirum
229 2596 263 2660 in
278 2597 413 2661 modum
433 2598 486 2660 vel
507 2619 581 2660 cnm
597 2598 783 2662 Stoicorum
805 2597 989 2682 praeceptis
1010 2597 1065 2661 vel
1085 2620 1159 2661 eum
1175 2597 1377 2661 Phoeniceu-

51 2803 54 2809 .
97 2739 170 2779 rum
193 2717 426 2800 theologorum
451 2715 585 2780 somniis
615 2724 810 2800 congruant.
856 2717 1003 2783 Primum
1030 2718 1200 2790 videamus
1229 2717 1269 2786 de
1298 2715 1377 2783 illis.

100 2835 203 2899 Stoici
226 2836 329 2919 igitur
353 2838 469 2900 Jovem
497 2838 550 2900 vel
578 2836 693 2920 „legis
722 2844 900 2924 perpetuae
931 2844 966 2902 et
995 2844 1148 2906 aeternae
1177 2837 1295 2905 vim“⁶
1327 2836 1379 2906 vel

167 3127 175 3158 ¹
194 3128 234 3179 cf.
255 3131 392 3191 Movere,
411 3133 462 3181 Die
479 3133 629 3182 Phoeniaier
646 3131 733 3198 (Borm
754 3134 839 3196 1841),
858 3137 882 3194 I,
900 3140 959 3183 460.

165 3213 176 3244 2
194 3214 236 3265 cf.
256 3216 379 3280 Zumpt,
402 3217 482 3266 Ueber
494 3219 542 3267 dea
554 3219 670 3268 Bestcotd
681 3220 728 3269 der
741 3220 836 3285 philos.
852 3220 961 3270 Schalen
976 3222 1004 3269 ia
1015 3222 1099 3272 Attea
1111 3221 1163 3270 aad
1178 3222 1220 3270 die
1232 3221 1379 3272 Saccem'oa

97 3305 143 3351 der
156 3302 326 3351 Scholarcben
344 3302 421 3364 (Aba.
436 3304 462 3352 d.
476 3303 502 3353 lc.
516 3303 569 3352 At.
587 3321 618 3353 aa
628 3306 722 3354 Berlin
739 3308 802 3352 1842
815 3323 841 3355 a.
855 3305 909 3368 43),
924 3324 954 3370 p.
969 3311 1001 3354 99
1014 3323 1063 3371 sq„
1080 3306 1112 3354 cf.
1127 3307 1204 3370 Dioy.
1218 3306 1250 3355 L.
1269 3307 1332 3366 VII,
1350 3311 1377 3358 6:

97 3388 221 3436 Persaeus
247 3385 382 3446 Citiensis·
408 3392 452 3436 26:
478 3388 607 3452 Antipatri
633 3388 732 3439 Sidonii
757 3390 882 3453 elogium,
907 3395 953 3439 38:
978 3392 1048 3440 Zeno
1074 3390 1209 3453 Sidonius;
1235 3397 1280 3441 41:
1306 3393 1377 3442 Zeno

97 3473 246 3533 Tarsensis;
277 3477 336 3520 121:
364 3471 512 3522 Heraclides
540 3482 566 3524 et
588 3475 723 3538 Antipater
746 3476 900 3538 Tarsensee;
931 3480 991 3525 139:
1019 3477 1155 3540 Antipater
1178 3477 1284 3541 Tyrius3
1315 3481 1375 3529 179:

98 3556 255 3621 Chrysippus
275 3557 390 3607 Solensis
408 3559 448 3607 vel
466 3560 609 3621 Tarsensis,
629 3560 663 3610 cf.
682 3561 800 3622 Zeller,
820 3562 839 3611 l.
860 3580 881 3611 c.
902 3564 958 3622 III,
977 3564 1000 3621 I,
1019 3568 1051 3612 36
1071 3565 1104 3615 N.
1127 3569 1150 3612 5.

166 3639 234 3691 ”Ch
261 3658 327 3705 quae
350 3645 419 3708 Diop
437 3645 470 3694 1..
494 3644 560 3704 VII,
584 3651 598 3694 6
618 3647 649 3695 de
672 3646 813 3695 honoribus
837 3654 923 3697 narrat
940 3648 1038 3697 Zenoni
1056 3663 1072 3696 a
1089 3649 1186 3698 civibus
1210 3649 1292 3715 ipsius
1316 3663 1376 3698 con·

97 3729 186 3777 cessis.
222 3727 272 3776 Ubi
291 3729 368 3777 etiam
385 3728 409 3778 ol
428 3728 454 3780 ἐν
472 3725 562 3781 Σιδῶνι
581 3725 679 3788 Κιτιεῖς
696 3733 866 3782 nominantur.

165 3810 176 3842 ⁴
196 3816 247 3865 Oic.
273 3817 307 3865 N.
327 3818 363 3866 D.
384 3818 411 3876 I,
437 3821 480 3877 15,
504 3822 549 3865 39:
576 3815 735 3882 Chrysippus
755 3846 784 3854 -
804 3835 924 3882 magnam
947 3820 1046 3869 turbam
1071 3829 1210 3885 congregat
1233 3821 1378 3884 ignotorum

98 3900 202 3948 deorum
221 3908 296 3963 atque
314 3901 350 3949 ita
367 3902 511 3964 ignotorum
517 3939 525 3965 ,
545 3911 573 3953 ut
591 3919 635 3953 eos
654 3920 686 3954 ne
702 3905 848 3968 conjectura
867 3907 970 3969 quidem
987 3907 1124 3956 informare
1142 3908 1280 3971 possimus,
1300 3923 1378 3970 quum

98 3999 169 4033 mens
187 3995 273 4034 nostra
291 3987 391 4049 quidvis
409 3988 524 4037 videatur
541 3990 696 4052 cogitatione
714 4006 790 4055 posse
809 3993 954 4056 depingere.

166 4066 177 4096 ⁶
196 4072 247 4122 Cic.
265 4074 299 4121 ab.
318 4074 457 4133 I,15‘,40:
477 4073 635 4139 Chrysippus
654 4077 766 4139 disputat
783 4078 886 4127 aethera
904 4092 961 4127 esse
979 4093 1045 4138 eum,
1065 4093 1141 4141 quem
1158 4079 1275 4127 homines
1286 4079 1378 4128 Jovem

98 4156 263 4219 appellarent.
286 4185 313 4192 -
334 4159 456 4221 Idemque
476 4161 551 4209 etiam
569 4162 634 4224 legis
651 4170 789 4225 perpetuae
808 4170 834 4212 et
851 4171 969 4213 aeternae
986 4165 1047 4224 vim,
1067 4179 1133 4226 quae
1150 4165 1223 4226 qnasi
1241 4165 1293 4213 dux
1311 4165 1378 4214 vitae

97 4248 123 4289 et
139 4242 260 4304 magistra
279 4242 420 4291 officiorum
439 4245 481 4305 eit,
501 4247 593 4295 Jovem
606 4248 668 4296 dicit
686 4262 742 4297 esse
755 4249 921 4312 eamdemque
938 4249 1042 4298 fatalem
1058 4250 1237 4298 necessitatem
1255 4250 1376 4313 appellat.

99 4329 170 4392 Ooaf.
190 4329 268 4391 Dioy.
289 4329 321 4378 t.
346 4329 412 4387 VII,
436 4334 495 4378 147:
523 4326 587 4381 Θεὸν
605 4329 670 4382 εἶναι
688 4332 752 4402 ζῷον
778 4330 904 4384 ἀθάνατον
926 4362 952 4371 α
973 4333 1138 4405 προνοητικὸν
1161 4332 1257 4401 κόσμου
1281 4352 1309 4385 τε
1333 4333 1377 4385 acl

96 4419 148 4466 τῶν
166 4411 192 4466 ἐν
209 4411 309 4484 κόσμῳ.
328 4442 360 4450 -
380 4410 454 4467 Εἶναι
472 4414 500 4467 δὲ
517 4416 561 4467 τὸν
585 4417 632 4484 μὲν
650 4417 803 4492 δημιουργὸν
826 4426 878 4472 τῶν
896 4417 964 4473 ὅλων
981 4418 1026 4472 καὶ
1050 4419 1134 4492 ὥσπερ
1153 4419 1252 4492 πατέρα
1275 4419 1377 4472 πάντων
1396 4466 1399 4472 .
