3038 4988
736 223 776 284 48

671 311 841 318 ———

116 432 425 511 τοιύταςὊνομακρίτοο.
459 426 509 488 De
524 437 656 515 χρησμοῖς
672 433 759 488 01101
775 425 904 489 Suidas
936 427 1065 490 Musaei
1082 427 1167 491 enim
1184 428 1317 491 oracula
1333 450 1400 491 non

117 545 242 630 Orphei
270 546 311 608 ab
337 544 550 607 0110ωο01110
576 543 776 627 interpolata
804 546 941 609 tradunt
966 547 1156 610 Herodotus
1186 555 1220 610 et
1245 547 1399 610 Clemens

116 666 234 728 Alex.1
273 665 345 727 Nec
362 663 519 727 credibile
535 671 597 743 est,
613 664 646 726 in
663 664 814 742 oraculis,
829 688 1007 749 paucorum
1021 688 1174 730 versuum
1188 666 1397 744 carminibus,

117 784 198 848 10111
221 784 355 866 longam
380 783 473 845 illam
498 783 538 846 de
562 783 681 866 Zagrei
704 791 809 847 morte
834 785 1054 850 narrationem
1081 785 1228 849 infuisse.
1271 785 1401 849 Quodsi
1483 815 1484 818 ¹

115 911 249 988 poema,
272 925 335 986 qno
353 902 586 966 Onomaoritus
603 903 765 966 Pausania
781 912 915 968 auctore
930 905 1070 989 Dionysi
1085 914 1237 992 παθήματα
1254 905 1399 988 descrip-

117 1023 172 1101 sit,
186 1021 440 1107 Pseudorphicis
457 1022 571 1104 utique
585 1023 717 1106 scriptis
730 1023 1011 1088 adnumerandum
1024 1024 1165 1102 videtur,
1182 1025 1270 1088 solae
1284 1032 1404 1093 Τελεταί

115 1150 257 1221 restant,
285 1165 364 1224 quas
387 1142 503 1205 Suidas
525 1142 703 1205 nonnullos
725 1143 938 1206 Onomacrito
960 1143 1106 1207 tribuere
1127 1145 1303 1207 memoriae
1324 1165 1400 1227 pro·

117 1261 205 1325 dat.²
243 1261 336 1325 Quae
361 1261 551 1345 conjectura
575 1261 651 1325 inde
675 1285 830 1345 magnam
855 1263 946 1326 ducit
970 1263 1039 1326 veri
1064 1264 1225 1348 speciem,
1252 1263 1340 1346 quod
1365 1283 1400 1325 re

116 1402 193 1444 vera
212 1381 246 1443 in
267 1381 607 1470 1111οΤελεταῖς11111110
628 1382 667 1445 de
688 1383 813 1465 Zagreo
835 1383 969 1466 ejusque
991 1405 1071 1447 nece
1093 1407 1112 1446 a
1131 1383 1305 1447 Titanibus
1327 1403 1399 1465 per·

115 1507 246 1585 patrata
265 1501 370 1563 101010
394 1522 465 1564 0110
488 1501 640 1564 Clemens
662 1502 905 1565 Alexandrinus
930 1511 964 1566 01
985 1503 1149 1567 Diodorus
1172 1503 1302 1567 Siculus
1325 1524 1399 1564 nar-

116 1627 202 1683 rant.
234 1621 324 1683 Haeo
347 1620 434 1682 enim
455 1618 511 1682 ille
533 1620 675 1683 iradli2³
698 1630 740 1689 Τὰ
762 1629 885 1691 Διονύσου
907 1632 1039 1709 μυστήρια
1058 1632 1149 1691 τέλεον
1169 1631 1355 1709 ἀπάνθρωπα·
1371 1632 1401 1690 δν

117 1746 197 1808 εἰσέτι
211 1752 294 1808 παῖδα
310 1744 374 1807 ’όντα
389 1749 491 1828 ἐνόπλῳ
507 1749 606 1825 κινήσει
621 1750 847 1831 περιχορευόντων
859 1748 1017 1828 Κουρήτων,
1030 1751 1102 1830 δόλιρ
1117 1752 1147 1810 δὲ
1159 1749 1310 1810 ὑποδύντων
1322 1750 1400 1810 Τιτά·

115 1893 179 1939 νων,
200 1867 382 1944 ἀπατήσαντες
396 1869 600 1946 παιδαριώδεσιν
616 1867 764 1947 ἀθύρμασιν
778 1867 849 1928 οὗτοι
865 1871 898 1947 δὴ
915 1869 939 1929 οἱ
954 1869 1062 1936 Τιτᾶνες
1078 1871 1236 1941 διέσπασαν,
1256 1868 1294 1928 έτι
1309 1870 1374 1947 uqa(
1391 1905 1400 1914 ·

116 2009 164 2068 χον
180 1982 253 2059 ὄντα,
269 1989 306 2053 ὡς
321 1989 335 2046 ὁ
350 1992 409 2065 τῆς
422 1984 725 2065 τελετῆςὊρφεύς
740 2011 817 2065 φησιν
833 1990 847 2047 ὁ
863 1987 989 2067 Θρᾴκιος*

389 2108 471 2156 κῶνος
488 2100 532 2151 καὶ
552 2099 646 2171 βόμβος
663 2100 708 2151 καὶ
726 2097 828 2169 παίγνια
845 2099 1015 2171 καμπεσίχυια

392 2201 464 2272 μῆλά
483 2220 511 2254 τε
530 2202 627 2274 χρύσεα
645 2202 715 2254 καλὰ
733 2198 794 2273 παρ’
810 2199 967 2275 Ἑσπερίδων
985 2203 1141 2275 λιγυφώνων.

117 2311 160 2371 καί
174 2314 280 2389 τῆσδε
296 2312 371 2390 ὑμῖν
384 2317 443 2389 τῆς
457 2317 600 2390 τελετῆς
614 2314 648 2373 τὰ
664 2313 760 2394 ἀχρεῖα
775 2296 898 2390 σύμβολα
913 2313 962 2373 οὐκ
975 2314 1082 2394 ἀχρεῖον
1095 2312 1133 2379 εἰς
1143 2315 1305 2390 κατάγνωσιν
1316 2337 1401 2391 παρα·

117 2432 225 2490 θέσθαι·
247 2431 422 2510 ἀστράγαλος,
438 2437 547 2511 σφαῖρα,
563 2433 708 2511 στρόβιλος,
724 2437 811 2510 μῆλα,
828 2429 941 2511 βόμβος,
958 2433 1100 2512 ἔσοπτρον,
1115 2434 1204 2499 πόκος.
1232 2431 1340 2511 Ἀθηνᾶ
1355 2435 1403 2510 μὲν

118 2547 163 2609 οὖν
177 2552 224 2627 τὴν
238 2551 348 2628 καρδίαν
362 2555 409 2612 τοῦ
421 2550 545 2611 Διονύσου
561 2552 724 2631 ὑφελομένη,
737 2551 845 2618 Παλλὰς
859 2553 890 2611 ἐκ
904 2556 952 2613 τοῦ
967 2554 1076 2612 πάλλειν
1089 2553 1137 2630 τὴν
1148 2552 1259 2632 καρδίαν
1270 2575 1402 2631 προσηγο·

117 2668 216 2747 ρειίθη·
232 2670 256 2729 oi
271 2671 301 2728 δὲ
316 2671 433 2744 Τιτᾶνες,
448 2671 531 2731 οἱκαὶ
546 2673 741 2737 διασπάσαντες
756 2671 835 2731 αὐτὸν
851 2672 951 2750 λέβητά
965 2695 1021 2731 τινα
1036 2672 1138 2749 τρίποδι
1153 2672 1286 2738 ἐπιθέντες
1297 2671 1401 2730 καὶτοῦ

116 2788 256 2848 Διονοιίσου
272 2789 433 2866 ἐμβαλόντες
446 2791 480 2850 τὰ
500 2791 584 2868 μέλη,
605 2790 746 2868 καθήψουν
764 2791 906 2868 πρότερον·
928 2790 1019 2850 ἔπειτα
1040 2791 1186 2866 ὀβελίσκοις
1204 2788 1403 2867 περιπείροντες

117 2906 259 2989 ὑπείρεχον
277 2906 433 2986 Ἡφαίστοιο
456 2901 509 2984 (Η.
530 2906 565 2978 2,
583 2903 669 2982 126).
708 2909 776 2976 Ζεὺς
791 2912 821 2969 δὲ
841 2909 950 2987 ὕστερον
968 2911 1115 2988 ἐπιφανεὶς,
1135 2907 1160 2968 εἰ
1179 2911 1244 2976 θεὸς
1264 2907 1309 2986 ἦν,
1329 2910 1403 2990 τάχα

185 3187 194 3217 ¹
213 3192 312 3243 Herod.
338 3193 399 3251 VII,
419 3186 433 3241 b
453 3194 486 3242 ef.
510 3193 540 3252 V,
560 3198 600 3253 90,
622 3197 670 3253 933
692 3194 767 3242 Clam.
787 3193 844 3250 Al„
864 3193 957 3243 Suom.
979 3194 1001 3252 I,
1021 3197 1069 3242 397
1089 3195 1129 3243 ed.
1144 3195 1247 3243 patrer.-
1265 3189 1323 3247 τοὺς
1342 3189 1401 3242 ἀνα-

115 3276 269 3346 φερομένους
297 3276 332 3337 ek
358 3274 490 3330 11100111ον
516 3277 650 3349 χρησμοὺς
674 3273 860 3348 Ὀνομακρίτου
887 3275 952 3328 εἶναι
979 3276 1100 3347 λέγουσιν,
1148 3277 1312 3340 Quamquam
1338 3276 1401 3326 Lo·

115 3362 249 3411 beokius
269 3378 377 3430 versum,
398 3365 440 3426 qui
460 3379 493 3412 ex
511 3362 607 3427 Orphei
625 3363 752 3412 vaticiniis
772 3370 887 3426 sumptus
906 3363 1030 3424 videatur,
1049 3363 1123 3412 affert
1142 3363 1216 3428 (Aul.
1232 3381 1261 3428 p.
1283 3365 1341 3422 237,
1360 3363 1407 3411 IV

117 3449 176 3498 coll.
192 3467 222 3513 p.
243 3454 302 3510 410,
321 3450 462 3513 XXXVI)
482 3457 507 3498 01
525 3449 728 3498 Mullachius
748 3448 854 3497 alterum
877 3448 964 3496 nascio
983 3463 1034 3510 quo
1052 3449 1106 3496 iure
1125 3449 1196 3496 addit
1215 3449 1246 3510 (l.
1267 3465 1289 3496 ο.
1309 3448 1334 3505 Ι,
1355 3452 1401 3495 189

110 3534 211 3598 fragm.
231 3534 322 3594 LVII,
340 3553 364 3584 v.
385 3536 474 3597 6-1).
513 3534 563 3584 Sed
581 3535 751 3584 Philochorus
770 3535 841 3583 illum
859 3549 959 3582 versum

392 3614 430 3671 Οὔ
449 3636 487 3671 τοι
506 3618 636 3691 άριστερός
655 3620 708 3688 εἰμι
726 3616 880 3691 θεοπροπίας
900 3617 1066 3690 [ἀναφαίνειν]

116 3718 168 3752 non
193 3705 254 3753 111011
278 3719 311 3753 ax
336 3703 495 3765 ‚‚Oraculis“
522 3705 618 3771 Orphei
644 3707 821 3769 depromptum
845 3719 910 3765 0110,
935 3705 979 3753 sed
1002 3706 1106 3754 omnino
1125 3720 1158 3754 ex
1177 3705 1329 3768 quibusdam
1347 3704 1402 3766 ejus

116 3787 301 3856 ,,ποιήμασιν“.
339 3788 412 3850 Quae
438 3791 542 3853 quidem
565 3791 629 3838 mihi
654 3791 740 3852 potius
763 3790 807 3838 illa
832 3788 945 3853 Orphica
962 3784 1046 3860 ’Ἔργα
1069 3789 1114 3841 καί
1134 3786 1247 3860 Ἡμέραι
1270 3789 1309 3838 101
1334 3789 1403 3838 aliud

116 3894 219 3928 carmen
238 3880 269 3928 de
288 3879 377 3928 diebus
395 3880 496 3940 faustis,
516 3881 588 3939 atris,
608 3880 735 3942 religiosis
755 3879 828 3944 (Agl.
844 3898 874 3944 ρ.
894 3886 939 3927 411
956 3877 1006 3944 sq.)
1026 3878 1142 3925 videntur
1160 3876 1249 3925 luisse.

184 3961 194 3992 ²
212 3965 242 4013 In
262 3962 358 4013 Suidae
378 3964 495 4028 catalogo
515 3979 597 4027 nuper
615 3979 630 4012 a
648 3963 794 4013 Gaissordio
814 3979 846 4014 ex
864 3966 921 4013 cod.
941 3965 1059 4013 Parisino
1077 3963 1103 4011 A
1120 3969 1178 4025 post
1195 3962 1272 4010 verba
1293 3954 1412 4027 'Oropo-¹

116 4048 208 4109 στικόν,
229 4045 277 4118 ἔπη
299 4037 338 4117 φιά
362 4051 475 4099 additum
502 4064 572 4099 esse:
600 4045 743 4119 Θεογονίαν,
770 4048 818 4120 έπη
845 4037 892 4118 qni,
915 4051 967 4098 iam
986 4065 1062 4113 supra
1084 4049 1208 4097 monitum
1228 4055 1274 4096 est.
1312 4047 1403 4108 ltaque

117 4150 168 4183 non
186 4135 238 4183 iam
263 4137 334 4198 queri
357 4136 426 4197 licet,
452 4136 478 4183 in
503 4136 625 4199 catalogis
650 4136 801 4200 scriptorum
822 4134 991 4199 Orphicomm
1009 4133 1187 4197 Theogoniam
1211 4133 1312 4181 silentio
1330 4145 1404 4194 prae-

118 4221 196 4281 teriri,
215 4222 264 4269 nisi
285 4222 342 4284 quis
360 4229 439 4284 putot,
464 4221 508 4269 illa
530 4221 607 4270 verba
626 4221 657 4269 ab
682 4222 769 4284 aliquo
787 4221 890 4269 librario
909 4220 1061 4283 interposita
1079 4233 1144 4279 0010,
1170 4219 1213 4281 qui
1232 4218 1300 4280 quod
1319 4217 1403 4265 Theo·

116 4306 203 4369 gonia,
222 4307 336 4355 omnium
355 4305 525 4370 Orphicorum
544 4309 684 4356 carminum
704 4307 846 4368 notissima,
867 4306 967 4354 deesset
985 4306 1091 4354 miratus
1111 4305 1151 4354 sit.

183 4387 343 4456 8Ραοίοκιρί.
360 4409 389 4456 p.
412 4397 441 4440 15
461 4395 531 4442 Pon.
