3038 4988
738 239 778 301 33

112 445 283 534 προχυθείς),
304 452 321 529 ἢ
342 457 423 528 σῶμα
443 451 461 527 ἢ
484 455 579 532 σχῆμα
601 450 672 532 ἔχειν
693 452 843 529 δράκοντος,
864 452 1084 531 ἢκαταποθῆναο
1104 454 1156 514 ὑπὸ
1176 459 1224 516 τοῦ
1239 457 1307 522 Διός,
1329 456 1403 522 ὅπως

113 571 222 637 aza<
246 571 387 652 ἀχώρητος
413 561 630 651 [ἀχώριστοςῖΓ
655 571 768 647 γένοιτο;
802 562 894 626 Haec
918 563 1023 646 primo
1049 565 1170 627 obtutu
1199 586 1266 644 „ex
1289 568 1400 648 Rhap-

113 682 216 746 sodiis
241 674 368 744 ducta'“
389 679 493 743 videri
518 680 609 763 (Agl.
634 680 657 742 l.
684 682 742 763 a),
770 703 892 764 negare
914 705 981 745 non
1003 706 1149 767 possum.
1196 684 1292 748 Unde
1316 684 1401 747 enim

114 804 350 883 Athenagoras
364 801 546 863 Phanetem
563 821 604 862 ex
615 800 687 862 Ovo
704 807 831 879 natum,
849 801 935 865 unde
952 802 1021 885 ejus
1039 803 1209 887 cataposin
1226 802 1402 886 sumpserit

113 920 180 985 nisi
202 918 350 984 axillis?
374 920 554 1002 Propterea
575 919 639 982 nisi
660 919 815 998 viderem,
842 921 875 983 in
897 923 959 985 hac
982 943 1080 985 causa
1100 921 1166 985 iam
1186 930 1256 985 tam
1279 923 1401 985 multas

115 1040 287 1124 opiniones
310 1038 456 1121 prolatas
473 1059 555 1115 esse,
579 1037 698 1121 quibus
714 1061 773 1122 pro
794 1040 922 1104 ratione
945 1040 1096 1104 stetisset
1117 1043 1272 1105 voluntas
1278 1090 1287 1120 ,
1311 1040 1400 1123 equi-

115 1161 192 1224 dem
212 1179 317 1222 novae
340 1157 549 1239 conjecturae
570 1178 749 1240 parcerem.
787 1159 886 1222 Nunc
908 1181 984 1223 vero
1001 1182 1074 1223 mea
1096 1182 1225 1243 quoque
1241 1183 1305 1223 una
1327 1182 1400 1224 oum

116 1277 236 1344 ceteris
253 1277 402 1361 prodeat,
418 1276 452 1339 id
469 1284 557 1340 certe
574 1283 612 1338 ut
628 1276 691 1340 sibi
706 1277 788 1341 fides
805 1277 849 1340 sit
865 1279 1030 1356 habitura,
1049 1280 1136 1362 quod
1151 1281 1400 1362 Athenagoram

117 1397 236 1463 ceteris
247 1418 376 1480 quoque
391 1395 473 1458 locis
485 1396 525 1459 de
540 1397 611 1459 sola
621 1395 815 1480 Hieronymi
825 1397 1018 1481 Theogonia
1031 1398 1123 1480 loqui
1132 1399 1229 1461 modo
1245 1399 1399 1462 vidimus.

119 1517 207 1582 Quid
222 1516 321 1594 enim,
345 1515 421 1579 siin
437 1517 499 1578 hcc
517 1538 646 1598 quoque
669 1517 811 1581 carmine
828 1517 986 1581 Phanetis
1010 1517 1173 1602 cataposis
1194 1517 1398 1593 tradebatur,

118 1637 147 1700 si
162 1660 202 1701 ex
218 1659 255 1700 eo
279 1637 410 1699 demum
431 1634 465 1697 in
489 1642 616 1697 veteres
634 1635 796 1718 Orphicas
818 1635 1031 1720 genealogias
1054 1635 1122 1700 sive
1143 1636 1178 1700 in
1193 1635 1399 1718 Rhapsodias

115 1755 384 1838 transmigravit?
414 1757 462 1817 At
484 1754 647 1836 quomodo
664 1756 794 1818 Phanes
817 1754 913 1818 modo
937 1778 977 1819 ex
995 1756 1066 1818 Ovo
1088 1762 1186 1818 natus
1209 1777 1280 1819 esse
1302 1756 1400 1818 modo

115 1876 150 1939 id
171 1875 241 1960 ipse
263 1873 416 1958 genuisse
438 1873 503 1936 dici
525 1875 657 1956 potest?
690 1873 742 1936 Sic
766 1875 851 1938 enim
876 1897 928 1937 res
951 1896 985 1937 se
1008 1875 1124 1951 habet,
1152 1873 1179 1936 si
1200 1873 1400 1938 Lobeckio

116 1994 316 2060 credendum
339 2000 401 2071 est,
424 1993 519 2055 illum
536 1992 712 2055 Herculem
734 2000 962 2077 portentosum
980 1995 1091 2057 Solem
1112 1995 1146 2056 h.
1171 2015 1199 2056 e.
1217 1996 1401 2057 Phanetem

115 2113 307 2178 habendum
326 2134 408 2191 esse,
431 2111 512 2174 satis
529 2119 641 2195 aperte
658 2111 891 2195 significanti.²
921 2114 1064 2176 Names
1083 2113 1211 2176 ratione
1227 2112 1398 2189 Hercules,

117 2233 173 2316 qui
197 2233 304 2295 Ovum
326 2230 447 2315 gignit,
470 2230 557 2294 idem
573 2231 723 2294 redditur
744 2254 818 2294 curn
835 2235 994 2311 Phanete,
1019 2231 1074 2316 qui
1090 2255 1131 2295 ex
1148 2233 1219 2294 Ovo
1241 2231 1398 2294 nascitur.

117 2353 184 2416 Sed
206 2351 279 2435 quis
307 2374 346 2414 ex
368 2353 604 2434 Athenagorae
625 2350 735 2414 verbis
765 2356 850 2438 ὄνομα
866 2359 1007 2440 Ἡρακλῆς
1027 2360 1071 2419 καὶ
1091 2361 1194 2438 Χρόνος
1215 2349 1399 2434 collegerit,

117 2471 272 2536 Herculis
301 2470 451 2535 nomine³
478 2471 588 2533 Solem
614 2470 783 2533 denotari?
821 2471 964 2555 Tempus
990 2477 1041 2534 est
1065 2470 1149 2533 illud
1174 2480 1290 2557 ἀγήραον
1314 2469 1401 2552 quod

117 2591 220 2656 etiam
229 2589 423 2654 Damascius
437 2596 672 2653 commemorat
682 2589 790 2653 verbis
806 2599 963 2676 ὠνομάσθαι
971 2599 1065 2680 χρόνον
1079 2599 1196 2676 ἀγήραον
1210 2596 1402 2674 καὶἯρακλῆα

117 2722 163 2781 τὸν
178 2719 265 2780 αὐτόν.
294 2711 329 2772 Is
346 2716 456 2773 autem
471 2709 622 2771 Chronus
639 2731 696 2771 cur
712 2709 937 2792 segregandus
954 2709 997 2771 sit
1014 2710 1054 2772 ab
1071 2730 1121 2786 ec,
1140 2707 1195 2791 qui
1211 2709 1251 2770 ab
1269 2706 1402 2770 exordio

118 2820 382 2915 Rhapsodiarum
412 2828 540 2912 positus
572 2835 638 2906 est,
675 2828 825 2910 equidem
857 2850 924 2890 non
953 2827 1113 2911 perspicio
1145 2848 1205 2890 nec
1235 2825 1403 2909 perspexit

118 2949 313 3014 Damasclus
337 2949 385 3011 lta
409 2969 564 3032 pergens:
599 2955 655 3016 Καὶ
678 2957 858 3034 ὑπολαμβάνω
882 2958 930 3035 τὴν
953 2957 980 3016 ἐν
1002 2961 1058 3021 ταῖς
1075 2953 1243 3034 <Ραψῳδίαις
1265 2952 1405 3030 θεολογίαν

119 3071 249 3157 ἀρεῖσαν4
271 3074 322 3142 τάς
337 3077 384 3136 δύο
399 3077 507 3154 πρώτας
527 3073 615 3157 ἀρχάς
630 3077 700 3153 μετὰ
714 3082 762 3154 τῆς
777 3081 838 3152 μιᾶς
851 3076 903 3154 πρὸ
918 3082 970 3136 τῶν
986 3079 1055 3135 δυοῖν
1069 3081 1117 3154 τῆς
1136 3078 1171 3153 τῇ
1187 3066 1265 3153 σιγῇὸ
1287 3075 1404 3150 παραδο-

118 3197 214 3274 θείσης
229 3197 281 3255 ἀπὸ
297 3203 344 3274 τῆς
358 3197 447 3275 τρίτης
467 3195 537 3273 μετὰ
552 3195 599 3260 τὰς
615 3193 661 3254 δύο
677 3195 776 3273 ταύτης
791 3194 969 3272 ἐνστήσασθαι
983 3196 1031 3272 τὴν
1052 3195 1137 3276 ἀρχὴν
1152 3196 1190 3259 ὥς
1203 3194 1311 3272 πρώτης
1325 3188 1405 3269 ῥητόν

118 3339 143 3375 τι
163 3315 279 3397 ἐχούσης
299 3316 343 3374 καὶ
363 3315 515 3393 σύμμετρον
535 3315 600 3391 πρὸς
620 3313 768 3391 ἀνθρώπων
790 3314 880 3380 ἀκοάς.
919 3312 1003 3380 Οὗτος
1022 3315 1073 3391 γάρ
1094 3312 1126 3390 ἦν
1146 3313 1160 3371 ὁ
1180 3310 1358 3388 πολυτίμητος
1378 3309 1404 3367 ἐν

120 3427 226 3513 ἐκείνη“
254 3435 347 3516 χρόνος
368 3436 484 3513 ἀγήραος
504 3433 548 3492 καὶ
570 3431 678 3511 αἰθέρος
697 3422 742 3491 καὶ
761 3434 845 3514 χάους
865 3434 962 3511 πατήρ·
999 3433 1092 3510 ἀμέλει
1112 3432 1157 3490 καὶ
1182 3431 1251 3490 κατὰ
1271 3428 1369 3506 ταύτην
1389 3428 1404 3486 ὁ

119 3633 215 3695 putari,
234 3633 303 3681 idem
321 3633 352 3681 de
370 3632 484 3681 Phanete
510 3632 566 3680 eius
591 3630 644 3679 filio
668 3612 761 3679 valere.
798 3630 888 3692 Itaque
907 3629 1085 3692 Athenagoras
1109 3643 1162 3677 non
1181 3627 1296 3677 obscuris
1320 3626 1403 3675 verbis

120 3717 243 3777 declarat,
263 3732 289 3766 se
307 3717 356 3766 hoo
375 3718 433 3766 loco
452 3718 562 3766 eundem
580 3718 677 3765 sontem
695 3717 778 3779 sequi,
797 3730 875 3778 quem
892 3717 944 3764 iam
962 3731 1039 3779 supra
1057 3722 1159 3764 secutus
1178 3716 1219 3764 sit.

190 3800 200 3830 ¹
218 3803 258 3852 Ita
274 3803 461 3852 Lobeckius
480 3802 556 3852 scribi
574 3803 627 3850 vult
645 3802 719 3866 (Agl.
740 3802 759 3850 l.
780 3802 825 3857 α).

189 3885 280 3952 Ἀρι.
298 3906 327 3953 ρ.
347 3893 405 3937 485.

189 3970 266 4023 ³Vcl
290 3974 331 4037 (ut
353 3976 496 4023 accuratius
520 3973 614 4037 dicam)
638 3987 696 4022 cum
722 3972 808 4021 Solem
832 3972 961 4032 denotari,
987 3971 1029 4033 qni
1053 3978 1157 4034 propter
1181 3969 1316 4018 candidum
1340 3969 1405 4016 lucis

120 4058 247 4122 fulgorem
260 4054 350 4128 Φάνης
367 4060 490 4123 appellari
509 4060 601 4123 possit,
620 4073 671 4107 non
692 4073 758 4117 eum,
778 4058 822 4119 qui
840 4058 921 4106 instar
933 4057 1050 4105 Herculis
1063 4057 1199 4104 duodecim
1217 4056 1290 4118 signa
1307 4053 1404 4102 zodiaci

119 4145 278 4208 permeantis
291 4146 422 4194 modulum
435 4146 557 4209 temporis
570 4145 700 4208 praebeat.
726 4143 801 4191 Hunc
814 4157 862 4205 ego
875 4142 1011 4191 Herculem
1024 4151 1049 4190 et
1059 4140 1189 4190 Chronurn
1203 4140 1251 4188 dici
1265 4154 1316 4187 non
1328 4151 1403 4200 nego.

189 4226 201 4257 ⁴
220 4229 283 4279 Scil.
305 4226 373 4300 ὕδωρ
392 4239 417 4280 ct
435 4236 482 4301 γῆν
500 4231 550 4294 (vel
572 4228 647 4293 ἰλύν),
668 4244 733 4291 quae
752 4228 923 4291 Hieronymus
942 4235 1000 4276 ante
1019 4225 1150 4275 Chronum
1169 4234 1296 4289 posuerat.

166 4313 200 4356 ·⁵
217 4317 259 4365 Ex
268 4317 432 4370 ,Lobeckii
452 4317 519 4378 conj.
538 4330 584 4379 pro
603 4319 649 4383 τῆς
669 4319 739 4382 σιγῆς
756 4310 946 4384 παραδοθείσης
964 4313 1038 4377 (Αρί.
1055 4329 1083 4376 ρ.
1105 4316 1153 4359 485
1173 4312 1207 4360 N.
1227 4311 1271 4371 t).

190 4398 404 4450 ⁰Lobeckius
424 4402 497 4466 (Agyl.
515 4419 543 4466 p.
564 4407 613 4450 486
633 4404 667 4451 N.
688 4401 736 4465 tt):
758 4403 833 4461 „scil
853 4403 885 4473 τη]
904 4400 930 4451 ἐν
947 4404 1004 4455 ταῖς
1019 4394 1179 4467 Ῥαψορθίαις
1197 4392 1346 4464 θεολογίρι“.

1176 4486 1191 4532 3
