3038 4988
75 467 191 548 goniae
213 456 380 551 principiis
402 491 534 552 prorsus
554 470 691 534 libidine
714 493 795 554 quae
821 471 882 535 sibi
907 473 1076 554 placerent
1101 474 1254 558 eligeret,
1277 496 1352 537 con-

74 592 233 664 necteret,
249 587 452 670 expingeret.
478 589 596 672 Itaque
613 590 694 652 satis
708 612 778 654 esse
792 591 833 654 ad
847 591 1136 656 demonstrandam
1148 593 1352 656 Phoeniceae

76 712 110 768 et
131 705 343 785 Hellaniceae
368 708 598 791 cosmogoniac
620 709 850 792 cognationem
872 710 1040 789 existimo,
1064 711 1091 774 si
1111 719 1146 775 et
1166 711 1352 775 universum

75 823 245 907 utriusque
261 825 435 889 decursum
451 827 582 890 omnino
601 850 713 912 parem
729 829 829 892 fuisse
847 835 881 892 et
897 851 950 907 ea,
973 852 1055 912 quae
1071 854 1090 894 a
1108 831 1196 894 notis
1213 830 1353 894 Phoeni·

75 966 150 1006 cum
166 945 370 1027 genealogiis
386 947 473 1028 apud
489 947 659 1030 Orpheum
674 947 889 1026 abhorreant,
912 948 1123 1013 nihilominus
1143 972 1218 1013 cum
1236 949 1354 1014 ceteris

75 1066 174 1147 hujus
196 1063 306 1147 gentis
328 1064 616 1148 superstitionibus
638 1066 761 1149 optime
783 1067 956 1131 convenire
977 1068 1234 1150 probaverimus.
1271 1067 1353 1130 Quis

75 1192 185 1246 autem
200 1190 311 1266 neget,
328 1190 437 1247 totum
453 1195 593 1248 stemma
608 1186 783 1264 Hellanici,
801 1187 888 1269 quod
904 1208 990 1250 nunc
1006 1189 1185 1271 amputatis
1202 1189 1353 1252 omnibus

75 1302 267 1365 adulterinis
284 1303 422 1366 surculis
438 1305 526 1367 huno
542 1303 576 1368 in
591 1305 726 1368 modum
742 1305 786 1368 sit
801 1305 1069 1369 describendum:

490 1433 592 1510 Χρόνος
607 1434 723 1512 ἀγήραος
802 1431 890 1512 Αἰθήρ
970 1435 1046 1501 Χάος

458 1427 625 1630 ξἯρακλῆς

305 1890 799 2192 Omma}

457 2241 475 2537 ρ
491 2142 661 2312 ΠρωτόΙγονος

491 2352 557 2426 Πάν,
575 2353 668 2431 Φάνης

486 2469 659 2551 Ἠρικεπαῖος

74 2607 176 2667 paene
198 2584 348 2648 omnibus
369 2582 512 2646 numeris
530 2604 604 2644 cum
620 2583 937 2661 Sanchuniathonis,
961 2583 1116 2661 Eudemi,
1140 2582 1254 2646 Moohi
1268 2584 1354 2646 rela-

74 2704 220 2767 tionibus
243 2704 442 2786 congruere?
487 2702 614 2767 Deinde
637 2703 665 2765 si
686 2725 744 2785 pro
766 2712 856 2794 χρόνῳ
877 2703 1024 2786 vulgaris
1040 2703 1120 2766 deus
1143 2713 1213 2766 erat
1233 2701 1355 2764 substi-

74 2825 228 2901 tuendus,
247 2823 318 2907 quis
336 2844 375 2885 ex
392 2829 501 2886 mente
513 2822 716 2886 Phoenicum
731 2822 838 2905 aptior
852 2822 957 2885 videri
970 2821 1081 2905 potuit
1091 2844 1188 2904 quam
1198 2821 1357 2884 Hercules

75 2942 203 3026 Tyrius,
220 2942 404 3005 indefessus
422 2941 549 3006 zodiaci
564 2943 768 3026 permeator?
793 2941 935 3005 Videtur
951 2948 1062 3005 autem
1078 2941 1237 3004 Hercules
1254 2941 1357 3003 solam

75 3061 233 3144 temporis
250 3062 375 3125 aeterni
385 3061 554 3125 notionem
570 3061 735 3145 accepisse
751 3082 857 3144 neque
868 3083 940 3123 eam
956 3060 1064 3138 simul,
1083 3084 1178 3143 quam
1189 3066 1359 3142 praeterea

75 3184 180 3258 Aeon,
200 3183 294 3264 cujus
309 3182 419 3243 locum
436 3187 540 3258 tenet,
558 3187 676 3243 natura
692 3203 750 3243 sua
766 3180 970 3243 continebat.
995 3181 1073 3243 Non
1089 3179 1176 3243 enim
1186 3178 1356 3257 Herculea,

75 3301 133 3363 sed
148 3302 277 3362 Phanes
300 3306 352 3363 est
367 3300 472 3363 totius
488 3299 601 3362 mundi
621 3305 656 3361 et
672 3299 822 3362 conditor
838 3306 872 3363 et
888 3302 1115 3382 archetypum.
1163 3298 1358 3382 Cujusmodi

73 3419 271 3502 permutatio
288 3427 360 3482 tum
375 3419 472 3482 facile
489 3419 599 3503 potuit
615 3418 762 3497 evenire,
786 3427 963 3502 postquam
979 3418 1160 3482 Phoenices
1176 3440 1244 3481 non
1259 3424 1356 3480 natu-

73 3540 175 3601 ralem
192 3540 307 3616 solem,
325 3538 383 3601 sed
399 3538 576 3622 mysticum
586 3538 749 3621 quendam
764 3538 848 3601 lucis
859 3538 1019 3602 daemona
1035 3559 1075 3600 ex
1087 3539 1159 3600 Ovo
1169 3536 1356 3621 prorupisse

75 3658 181 3721 dicere
204 3665 455 3721 consueverunt.
501 3657 644 3720 Nomina
668 3665 777 3720 autem
799 3657 959 3721 Phanetis
979 3680 1092 3720 rursus
1114 3679 1186 3720 cum
1211 3657 1358 3720 Sanchu-

74 3778 241 3841 niathonis
262 3778 511 3841 nomenclatura
531 3783 658 3840 etcum
679 3776 811 3860 linguae
827 3777 1014 3840 Phoenicas
1034 3776 1166 3859 legibus
1187 3783 1262 3860 apte
1280 3798 1356 3839 con·

75 3897 222 3960 veniunt.
261 3902 435 3985 Πρωτόγονον
450 3896 538 3959 enim
553 3896 677 3960 Aeonis
693 3895 828 3960 fratrem
845 3920 863 3959 a
880 3896 1171 3960 Sanchuniathone
1187 3895 1356 3980 appellari,

75 4017 141 4079 iam
165 4041 263 4100 supra
287 4016 413 4080 dictum
438 4023 500 4079 est.
556 4016 726 4099 Ericapaei
750 4038 870 4080 nomen
895 4023 1004 4079 autem
1029 4015 1146 4079 melius
1172 4037 1212 4078 ex
1235 4015 1358 4098 linguis

78 4135 243 4199 Semiticis
260 4158 357 4219 quam
368 4136 595 4220 Aegyptiaca¹
613 4135 870 4220 derivariposse,
887 4135 968 4198 mihi
982 4158 1175 4219 persuasum
1191 4141 1253 4198 est.
1280 4136 1359 4198 Ete·
1444 4211 1447 4219 Ι

145 4343 258 4408 ¹Zoega
281 4345 423 4408 (Attuarii.
439 4363 469 4409 ρ.
489 4345 551 4407 261)
575 4345 624 4393 hoo
649 4359 743 4393 nomen
766 4344 862 4392 derivat
884 4360 900 4392 a
921 4343 1050 4393 radicibus
1073 4343 1240 4406 Aegyptiacis
1264 4343 1312 4414 εἰρι
1335 4350 1360 4392 et

75 4429 141 4498 κηβ,
166 4431 203 4478 ita
219 4438 248 4479 ut
264 4431 421 4493 Ericapaeus
440 4430 486 4490 sit,
511 4433 575 4490 „der
598 4430 834 4497 Veroielsdltiqer“.
875 4429 915 4478 Ita
937 4430 1006 4478 enim
1028 4427 1150 4493 Priapum
1171 4429 1203 4478 ab
1221 4429 1355 4493 Aegyptiis

1129 4515 1146 4567 7
