3038 4988
743 226 782 286 10

122 424 189 489 illis
215 426 344 510 Oratyli
371 425 519 490 versibus
545 425 670 489 Oceani
698 435 839 512 κασιγνήτη
871 435 1019 511 ὁμομήτωρ
1048 432 1201 504 vocetur,
1234 427 1334 490 etiam
1358 428 1405 490 ibi

121 551 275 628 parentes
293 567 404 608 eorum
420 551 598 630 ponuntur.
631 544 739 608 Ouid?
759 545 804 607 Et
818 543 1032 607 nihilominus
1048 544 1144 628 primi
1159 545 1404 609 matrimonium

121 664 285 728 inierunt?
317 665 436 728 Nonne
464 664 511 726 ita
540 670 671 746 praeter
701 663 889 746 opinionem
913 663 954 726 ad
977 663 1175 727 Lobeclrii
1205 665 1404 729 sententiam

120 784 300 847 relabimur
319 783 403 846 illud
422 797 528 870 πρῶτος
547 789 612 870 ἦρξε
632 791 727 868 γάμοιο
746 781 978 864 intelligentie,
1002 783 1096 864 quasi
1113 785 1264 847 Oceanus
1279 784 1403 868 primus

121 902 208 967 inter
229 881 376 965 fratres
400 923 536 964 uxorem
558 900 708 964 duxerit?
733 902 832 964 Quod
854 901 881 963 si
907 901 1131 975 concedimus,
1157 909 1268 965 actum
1290 911 1342 966 est
1364 904 1403 966 de

122 1021 336 1084 consensione
359 1020 487 1104 Oratyli
509 1021 550 1083 ed
571 1019 712 1097 Timaei,
739 1020 827 1102 quod
850 1019 898 1082 ita
920 1021 1072 1083 Oceanus
1097 1044 1164 1084 non
1185 1044 1319 1105 parens,
1346 1033 1404 1086 sed

121 1139 224 1203 frater
239 1139 394 1202 Titanum
416 1137 567 1201 exsistet.
599 1139 665 1202 Sed
686 1139 855 1202 Oceanum
876 1138 976 1202 etiam
999 1138 1127 1223 Oratyli
1148 1141 1222 1202 loco
1245 1164 1264 1204 a
1286 1142 1403 1204 ceteris

122 1257 184 1321 diis
215 1257 382 1340 segregari
411 1264 569 1339 tanquam
600 1279 712 1321 eorum
740 1258 953 1342 principium,
986 1259 1168 1322 ostendunt
1197 1260 1297 1323 verba
1326 1260 1403 1322 illos

120 1398 235 1440 versus
257 1376 488 1440 antecedentia
509 1382 631 1463 (Όμηρος
654 1384 777 1445 Ὠκεανόν
791 1409 821 1445 τε
835 1386 908 1446 θεῶν
928 1385 1026 1462 γένεσίν
1045 1411 1110 1465 φησι
1124 1388 1169 1446 καὶ
1184 1388 1288 1465 μητέρα
1303 1387 1404 1465 Τηθύν.

120 1496 207 1559 Nam
225 1497 395 1558 Socratem
417 1516 455 1558 eo
477 1481 623 1582 ,sarreria
644 1495 772 1557 dietam
791 1495 1002 1578 processisse,
1019 1503 1057 1559 ut
1072 1496 1225 1579 ingentes
1242 1498 1403 1581 etymolo-

121 1615 248 1698 giarum
271 1615 433 1696 ampullas
449 1614 652 1696 Hermogeni
672 1615 831 1697 projicere
852 1637 919 1677 non
940 1615 1020 1678 satis
1041 1616 1205 1693 habuerit,
1228 1616 1403 1679 sedetiam

121 1733 406 1796 demonstraturus
432 1755 545 1796 omnes
569 1733 683 1816 utique
707 1755 759 1796 res
785 1755 825 1796 ex
848 1741 942 1796 motu
965 1735 1077 1797 nasci²
1103 1735 1151 1798 ita
1176 1741 1269 1798 extra
1292 1735 1403 1799 licitos

122 1851 246 1915 citandi
274 1851 433 1914 terminos
462 1859 603 1934 vagatus
634 1852 694 1929 sit,
726 1859 765 1915 ut
796 1854 965 1935 Orpheum
995 1854 1035 1917 de
1067 1854 1246 1937 cujuslibet
1276 1854 1403 1917 Titanis

120 1970 245 2053 nuptiis
261 1971 361 2033 verba
382 1970 560 2032 facientem
579 1993 645 2033 non
664 1970 770 2034 minus
788 1994 886 2054 quam
902 1973 1104 2035 Homerum²
1126 1973 1309 2036 sententiae
1326 1995 1404 2035 suae

121 2089 244 2152 acciret
268 2096 448 2167 auctorem,
474 2092 556 2152 haec
580 2089 713 2172 inquam
738 2090 794 2153 vix
819 2092 1007 2170 crederem,
1022 2091 1086 2154 nisi
1109 2093 1210 2155 verba
1232 2091 1405 2173 sequentia

120 2215 194 2294 οἶμαι
214 2218 244 2276 δὲ
264 2217 309 2276 καὶ
332 2213 456 2283 Ἡσίοδος
475 2231 587 2271 rursus
609 2198 852 2273 dubitationem
872 2210 1058 2294 injicerent.
1095 2210 1171 2278 Ubi.
1184 2210 1271 2273 enim
1286 2210 1403 2273 Hesio·

121 2326 182 2389 dus
204 2326 323 2390 similia
345 2334 444 2409 atque
460 2327 624 2390 Homerus
646 2329 686 2391 de
703 2328 836 2393 Oceano
857 2331 988 2393 narrat?
1010 2330 1076 2392 Sed
1097 2329 1238 2392 fortasse
1259 2329 1294 2392 in
1308 2336 1405 2392 tanta

123 2445 252 2530 Cratyli
267 2447 454 2530 corruptela
474 2446 533 2508 illa
547 2448 649 2510 verba
668 2448 835 2530 glossema
851 2449 969 2512 ducere
986 2448 1076 2511 licet.
1108 2448 1181 2511 Hoc
1198 2455 1309 2511 autem
1325 2449 1403 2511 dato

121 2564 208 2628 viam
225 2565 413 2649 conspicere
428 2565 510 2628 mihi
524 2564 647 2644 videor,
671 2589 734 2649 qua
749 2566 833 2630 illud
847 2581 953 2652 πρῶτος
966 2574 1030 2654 ἦρξε
1044 2576 1140 2654 γάμοιο
1161 2567 1332 2630 commode
1348 2588 1404 2630 ex-

121 2682 238 2767 plicari
252 2685 369 2767 possit,
383 2672 531 2767 quamvis
543 2685 693 2749 Oceanus
704 2686 895 2769 Tethysque
911 2708 977 2749 non
993 2685 1060 2749 sint
1075 2696 1216 2772 ἀγέννητοι.
1240 2685 1404 2748 Nimirum

122 2804 204 2867 haec
228 2803 329 2866 verba
352 2826 419 2866 non
443 2805 550 2867 solum
575 2803 760 2886 significare
785 2812 941 2887 possunt,
969 2806 1138 2868 Oceanum
1162 2805 1304 2888 primum
1329 2827 1404 2867 cum

121 2922 258 2985 muliere
283 2922 556 2986 consuetudinem
577 2922 743 3000 habuisse,
767 2923 947 2986 sedetiam
969 2946 1044 2986 eum
1064 2924 1205 3006 primum
1222 2924 1353 3007 justum
1369 2931 1405 2986 et

122 3041 329 3124 auspicatum
352 3041 597 3104 matrimonium
620 3041 749 3120 iniisse,
774 3049 951 3126 postquam
975 3043 1041 3106 iam
1065 3050 1162 3106 antea
1184 3043 1304 3105 Coelus
1330 3063 1404 3104 cum

122 3160 221 3223 Terra
245 3170 279 3223 et
303 3160 376 3223 aliis
401 3161 547 3224 deabus³
565 3161 790 3224 concubuerit.
822 3161 994 3224 Eiusmodi
1015 3161 1103 3225 enim
1118 3183 1324 3246 compressus
1347 3161 1403 3245 (cf.

122 3279 199 3343 Hes.
218 3279 323 3360 Theop.
340 3301 370 3342 o.
387 3282 448 3344 175
465 3282 521 3364 eq.)
544 3300 563 3343 a
583 3287 682 3363 poeta
703 3280 737 3343 in
757 3280 947 3363 nuptiarum
964 3281 1039 3345 loco
1054 3281 1117 3344 rite
1134 3288 1322 3364 paratarum
1337 3303 1404 3345 non

122 3399 390 3462 numerabantur.
430 3399 472 3462 Id
493 3399 667 3482 quodiam
689 3400 911 3463 Scholiastam
931 3400 1072 3464 sensisse
1094 3400 1209 3483 opinor
1230 3401 1272 3463 ad
1292 3401 1405 3464 locum

122 3523 273 3581 nostrum
288 3520 370 3582 haec
386 3519 616 3582 adnotantem:
640 3522 747 3603 ὤπυιεν)
767 3528 873 3606 ὡμίλει,
888 3527 1033 3605 συνεγίνετο
1053 3529 1137 3588 κατὰ
1157 3527 1255 3606 νόμον
1274 3522 1319 3599 ναὶ
1334 3527 1406 3605 epip-

120 3668 192 3718 νυτο,
212 3645 333 3725 συνῴκει.
370 3639 442 3701 Nec
464 3638 584 3702 desunt
605 3639 792 3721 exempla,⁴
815 3637 934 3722 quibus
955 3639 1173 3703 demonstrari
1194 3638 1315 3722 possit,
1339 3661 1406 3700 non

192 3773 261 3826 ¹cf.
281 3778 364 3838 Plato,
385 3780 487 3828 Theaet.
503 3796 533 3843 p.
556 3783 603 3827 152
622 3780 658 3828 E.

191 3858 260 3911 ’De
283 3863 389 3912 Homeri
412 3863 477 3913 locis
501 3863 532 3911 Il.
556 3868 594 3923 14,
615 3867 660 3911 ael
688 3864 748 3914 coll.
774 3868 837 3924 3⁰23
863 3868 978 3928 atth.,·
1001 3868 1042 3926 al,
1064 3867 1111 3911 195
1135 3862 1168 3912 ef.
1187 3862 1405 3926 N'e'rgelsbach,

122 3949 286 3999 Homericae
306 3950 439 4013 Tbeolopie
457 3947 493 4012 (2.
513 3950 594 4016 Aust,
614 3952 749 4014 Nrtrnbery
770 3949 853 4014 laer),
868 3966 899 4014 p.
919 3951 950 3998 77
963 3965 1001 4014 eq.

190 4031 202 4062 ³
219 4034 329 4084 Ocelum
345 4049 396 4083 non
413 4042 511 4083 tantum
524 4049 557 4084 ex
572 4050 624 4083 nnn
643 4037 691 4083 dea
705 4035 800 4083 liberos
812 4048 971 4098 procreasse,
990 4048 1023 4083 ex
1039 4049 1070 4083 eo
1086 4034 1250 4083 manifestum
1268 4042 1315 4093 est,
1336 4033 1405 4096 quod

122 4120 235 4184 Thethys
259 4120 310 4169 illis
328 4118 426 4183 Cratyli
448 4121 563 4169 versibus
589 4120 761 4182 „uterina“
785 4135 858 4169 soror
881 4117 981 4169 Oceani
1004 4126 1117 4168 vocetur.
1154 4119 1273 4168 Fortasse
1297 4119 1357 4167 Nox
1381 4119 1404 4168 ci

123 4203 299 4266 Centimanos,
320 4204 455 4269 Cyclopes,
475 4206 569 4254 Parcas
589 4208 665 4255 enixa
683 4214 730 4254 est.

190 4287 202 4318 ⁴
218 4291 322 4340 Praeter
338 4291 365 4338 id
378 4293 446 4353 quod
461 4292 488 4339 in
505 4299 577 4341 textu
594 4291 706 4355 positum
725 4297 764 4339 est
780 4291 905 4351 conferas,
923 4291 991 4353 quod
1009 4292 1076 4354 apud
1089 4290 1229 4339 Homerum
1243 4291 1289 4352 (Il.
1305 4297 1329 4349 5,
1343 4289 1403 4354 898)

122 4377 227 4425 Titanes
251 4370 410 4445 Οὐρανίωνες
433 4385 564 4426 vocantur.
601 4377 671 4425 Inter
693 4390 757 4438 quos
781 4391 840 4424 cum
859 4374 977 4425 Oceanus
1000 4390 1103 4439 quoqne
1127 4376 1298 4425 numerandus
1322 4375 1363 4435 sit,
1382 4375 1406 4422 is
