3038 4988
728 247 767 306 85

110 447 501 540 11111111111111111111.1
548 449 654 510 Quem
671 455 779 510 autem
797 447 1016 524 Hellanicum,
1039 468 1135 529 quem
1152 447 1387 530 Hieronymum

109 566 302 630 Damascius
332 567 366 630 in
390 574 499 630 mente
524 566 692 644 habuerit,
724 566 860 631 difficile
885 558 1064 629 (11111111.
1111 567 1198 629 Nam
1227 573 1388 649 utquam

109 686 249 749 maxime
265 686 499 749 Braudisio*
521 686 708 769 largiamur,
730 685 897 750 Damascii
912 686 1116 768 temporibus
1138 686 1302 751 neminem
1323 708 1389 750 non

110 814 252 870 veterem
278 806 519 888 logographum
544 806 766 883 intellexisse,
797 805 1055 888 quotiescunque
1081 804 1246 868 Hellanici
1269 826 1389 868 nomen

109 925 177 988 sine
194 925 262 987 ullo
280 924 427 1008 epitheto
445 925 656 988 enunciatum
672 925 730 1004 sit,
752 932 865 988 tamen
881 925 956 988 inde
971 948 1037 987 non
1053 924 1173 1007 liquet,
1195 947 1273 986 num
1290 924 1386 987 etiam

110 1044 348 1127 antiquioribus
370 1044 573 1126 temporibus
595 1044 681 1107 idem
703 1067 830 1129 semper
852 1044 992 1126 scriptor
1013 1043 1047 1107 in
1066 1044 1228 1107 lectorum
1245 1056 1389 1106 mentem

110 1163 246 1226 venerit.
292 1149 401 1225 Facile
427 1163 513 1226 enim
537 1163 608 1227 fieri
631 1164 757 1248 potuit,
784 1171 822 1227 ut
848 1163 977 1248 proprie
998 1163 1129 1246 quidem
1153 1162 1236 1226 alius
1257 1162 1388 1245 quidam

110 1282 301 1345 Hellanicus
322 1290 437 1345 auctor
457 1284 554 1366 hujus
576 1283 775 1367 theogoniae
788 1285 987 1365 haberetur,
1011 1283 1067 1346 sed
1089 1283 1289 1366 procedente
1305 1288 1389 1346 tem·

109 1424 185 1484 pore
196 1408 291 1464 vetus
303 1402 495 1464 Hellanicus
510 1402 545 1467 in
560 1403 649 1465 illius
666 1403 862 1467 obscurioris
878 1403 984 1466 famae
1001 1401 1142 1466 hominis
1153 1403 1264 1466 locum
1274 1402 1388 1466 subro-

109 1528 253 1604 garetur.
300 1521 341 1583 ld
357 1523 444 1604 quod
468 1522 582 1585 multis
604 1530 733 1606 praeter
754 1526 816 1586 hoc
834 1523 1016 1607 Orphicum
1036 1543 1167 1585 carmen
1188 1521 1280 1585 libris
1303 1521 1387 1588 acei-

109 1641 211 1718 disse,
238 1662 278 1703 ex
301 1663 420 1723 magna
444 1642 531 1705 nube
557 1642 752 1727 scriptorum
778 1643 819 1705 ad
844 1649 991 1705 veterem
1013 1642 1171 1705 Lesbium
1195 1642 1387 1705 historicum

108 1761 287 1823 relatorum
303 1760 526 1844 colligendum
543 1768 606 1825 111.
652 1761 727 1824 Etsi
746 1761 849 1845 igitur
870 1769 946 1846 post
961 1764 1187 1844 Pythagoram
1209 1768 1244 1825 11
1258 1762 1390 1825 Parme-

112 1879 222 1943 nidem
238 1880 399 1963 ejusmodi
414 1880 628 1964 theogeniam
644 1888 784 1945 avetere
795 1881 968 1945 Hellanico
983 1881 1078 1945 condi
1094 1882 1241 1964 potuisse
1257 1887 1391 1964 propter

111 2000 267 2082 quasdam
290 2000 441 2063 notiones
467 2007 502 2064 11
523 2000 690 2064 doctrinas
710 2001 807 2063 nimis
828 2001 1071 2084 pantheismum
1097 2001 1224 2067 olentes
1249 2001 1391 2063 fidenter

109 2140 228 2201 negare
245 2142 311 2181 non
326 2120 462 2197 audeo,⁸
486 2127 607 2198 tamen,
631 2120 755 2203 siquae
772 2128 941 2204 praeterea
957 2121 1098 2203 vestigia
1113 2119 1304 2184 recentioris
1327 2119 1389 2181 ori-

108 2237 194 2320 ginis
211 2247 392 2321 emergant,
415 2262 475 2303 nos
491 2239 585 2318 illud,
608 2241 695 2323 quod
712 2240 876 2303 Hellanici
891 2262 1011 2305 nomen
1032 2239 1189 2324 epithetis
1206 2246 1306 2318 caret,
1328 2239 1389 2301 im·

107 2357 217 2440 pedire
237 2380 302 2421 non
318 2357 450 2441 poterit,
469 2359 642 2441 quominus
659 2360 798 2443 aliquem
816 2358 975 2422 iuniorem
991 2359 1200 2424 Hellanicum
1218 2365 1388 2422 auctorem

107 2477 203 2559 hujus
220 2477 370 2540 carminis
387 2501 458 2541 esse
474 2479 631 2542 dicamus.
667 2481 741 2542 Duo
759 2485 870 2542 autem
886 2487 974 2557 sunt,
993 2502 1075 2562 quae
1092 2479 1196 2543 veteri
1212 2478 1387 2542 Hellanico

108 2596 161 2658 vix
183 2618 345 2679 conguerc
365 2597 550 2662 videantur.
597 2597 742 2661 Primum
764 2621 804 2661 ex
819 2600 1054 2681 Athenagorae
1074 2599 1156 2662 loeis
1179 2604 1331 2683 apparet,
1354 2597 1388 2668 in

107 2715 298 2799 Hieronymi
314 2718 504 2799 Theogonia
521 2719 621 2782 etiam
637 2720 656 2780 J
659 2718 728 2782 ovis
750 2725 785 2781 et
800 2718 1014 2802 Proserpinae
1030 2718 1194 2787 incestum
1211 2739 1387 2801 eorumque

107 2835 210 2896 filium
226 2836 388 2918 Zagreum
406 2845 697 2903 commemoratum
713 2838 825 2903 fnisse.
872 2837 956 2904 Cum
972 2839 1083 2906 autem
1105 2846 1181 2908 ante
1197 2838 1386 2919 viderimus,

175 3040 243 3092 ¹cf.
264 3045 380 3106 nones,
401 3047 419 3096 ι.
440 3065 462 3096 0.
482 3048 506 3105 1,
526 3049 610 3097 1111.
631 3053 655 3097 1.

174 3125 234 3177 ²L.
256 3148 288 3188 1.,
307 3133 331 3190 I,
350 3136 391 3180 66.

173 3210 320 3275 ³Zeller,
341 3217 360 3266 l.
380 3235 402 3266 0.
424 3244 452 3252 -
475 3216 593 3267 Chronos
617 3221 656 3268 vel
679 3220 803 3270 Hercules
827 3230 872 3271 aut
888 3230 994 3287 ‘tempus
1018 3231 1063 3272 aut
1086 3225 1124 3272 sol
1149 3239 1205 3273 esse
1227 3232 1319 3288 potest.
1358 3225 1386 3276 Si

104 3299 175 3357 illud,
195 3299 244 3346 iarn
263 3301 322 3349 inde
340 3301 372 3350 ab
391 3303 586 3354 Anaximandro
606 3304 712 3354 Graecis
731 3307 842 3355 innotuit
860 3306 929 3379 ἀρχὴ
949 3306 1029 3365 ἀΐδιος
1046 3308 1090 3360 καὶ
1109 3308 1220 3379 ἀγήρως,
1240 3325 1256 3358 1
1273 3326 1323 3373 qua
1341 3312 1385 3360 ille

104 3381 194 3453 χρόνος
216 3400 268 3432 non
293 3387 400 3434 multum
424 3388 522 3436 videtur
540 3390 633 3439 distare
653 3391 697 3454 (cf.
718 3393 853 3458 Hippolyt.
873 3396 933 3459 Res.
952 3398 1024 3445 haer.
1044 3398 1068 3454 Ι,
1088 3400 1115 3443 61
1142 3390 1242 3466 Ἀρχὴν
1265 3392 1285 3445 δ’
1304 3393 1385 3448 ἀΐδιον

104 3465 168 3519 εἶναι
190 3468 234 3519 καὶ
258 3468 357 3539 ἀγήρω,
376 3469 408 3540 ἣν
425 3472 470 3523 aul
487 3474 583 3530 πάντας
604 3476 732 3547 περιέχειν
753 3477 812 3534 τοὺς
828 3477 947 3546 κόσμους.
984 3475 1060 3549 Λέγει
1084 3480 1113 3532 δὲ
1137 3479 1227 3552 χρόνον
1250 3483 1286 3538 ὡς
1310 3483 1381 3553 ὡρισ-

104 3554 182 3623 μένης
199 3560 246 3624 τῆς
263 3555 386 3625 γενέσεως
403 3557 483 3623 urb).
521 3558 566 3608 Sin
586 3562 623 3609 sol
642 3569 692 3625 111,
716 3565 829 3614 concedo
848 3566 963 3628 quidem,
986 3568 1132 3616 necessario
1150 3568 1249 3616 zodiaci
1267 3568 1341 3631 signa
1359 3577 1385 3617 et

103 3640 210 3689 sortasse
234 3642 309 3689 etiam
335 3642 389 3704 ejus
413 3644 589 3708 obliquitatem
611 3649 761 3711 reperienda
784 3651 864 3700 fuisse
890 3652 1041 3715 priusquam
1064 3651 1183 3702 Herculis
1209 3668 1303 3702 nomeu
1328 3653 1383 3704 Soli

102 3728 290 3775 accommodari
308 3729 419 3790 potuerit
437 3729 511 3795 (Api.
528 3749 557 3795 p.
577 3733 654 3794 485),
673 3735 718 3782 sed
741 3735 792 3783 iam
811 3736 981 3800 Pythagoram
1005 3738 1071 3788 hanc
1089 3739 1213 3802 reperisse
1238 3748 1384 3790 auctorest

103 3809 228 3859 Stobaeus
255 3813 327 3875 (Eoi.
346 3817 420 3881 phys.
439 3817 468 3875 I,
487 3821 563 3882 ²³1³·
584 3819 632 3869 197
654 3821 753 3885 Gaisf.,·
778 3821 810 3869 cf.
837 3837 903 3884 quae
927 3823 1031 3872 Zeiler
1053 3830 1185 3887 praetcrea
1208 3825 1303 3887 allegat
1325 3826 1383 3875 loca

103 3897 120 3944 l.
141 3914 162 3946 c.
181 3898 205 3954 I,
225 3902 273 3946 ³08
293 3899 327 3948 N.
347 3900 385 3963 3).
421 3902 523 3951 Deinde
540 3897 655 3973 Ἀνάγκη
675 3920 777 3968 quoque
795 3907 859 3955 mihi
877 3909 975 3957 ridetur
992 3909 1044 3958 iam
1061 3909 1277 3972 Pythagoreorum
1296 3913 1382 3960 inven-

102 3989 155 4028 tum
179 3996 234 4031 esse
258 3998 341 4047 neque
360 4000 425 4049 opus
448 3994 498 4048 est,
520 3995 549 4038 11
566 3991 699 4040 Damascii
717 3993 805 4041 verba:
832 3988 999 4064 Ἀδράστειαν
1017 3993 1153 4063 ἀσώματον
1176 3994 1381 4065 διωρχυιωρένην

103 4065 129 4116 ἐν
147 4068 221 4118 παντὶ
232 4071 268 4138 τῷ
286 4068 375 4140 κόσμῳ
392 4079 444 4123 τῶν
461 4074 578 4144 περάτων
591 4074 668 4126 αὐτοῦ
688 4076 867 4148 ἐφαπτομένην
879 4080 977 4144 integra
989 4081 1015 4129 in
1027 4081 1204 4144 Theogoniam
1217 4083 1379 4146 recipiamus.

103 4151 185 4215 Saepe
205 4156 271 4202 enim
289 4156 331 4204 hic
349 4159 457 4222 scriptor
475 4161 698 4224 interpretationes
717 4164 829 4212 1111111
846 4180 905 4213 cum
922 4165 997 4214 rebus
1016 4167 1123 4215 narratis
1141 4167 1278 4228 connectit,
1297 4169 1381 4216 utrix

102 4239 185 4286 dicere
203 4240 300 4302 possis,
326 4243 386 4303 quid
405 4245 588 4294 sitDamascii
607 4249 710 4310 etquid
729 4251 839 4299 auctoris
863 4251 968 4300 laudati.
1004 4252 1137 4301 Postremo
1162 4252 1184 4299 si
1202 4252 1305 4314 Jupiter
1324 4249 1380 4304 Πὰν

14 4331 25 4348 ·
101 4331 204 4372 vocatur
222 4325 254 4373 ab
272 4326 486 4392 Hieronymianae
505 4331 670 4396 Theogoniae
689 4341 805 4395 auctore,
824 4351 856 4384 ne
875 4337 900 4384 id
918 4339 1020 4400 quidem
1039 4338 1121 4403 quinti
1140 4339 1235 4390 saeculi
1253 4338 1379 4402 opinioni·

99 4409 146 4457 bus
163 4424 267 4472 prorsus
286 4412 396 4461 11111111
414 4421 485 4479 puto.
