3038 4988
743 226 782 287 20

117 449 179 510 que
201 426 319 490 habuit
341 448 487 490 uxorem.
534 427 640 489 Ouum
663 427 808 489 Noctem
829 426 942 504 fuisse,
966 426 1054 489 haud
1075 426 1145 489 veri
1166 426 1319 490 absimile
1344 435 1408 490 est.

115 546 202 638 Nam
224 552 355 630 praeter
377 567 448 609 eam
468 546 561 608 nulla
582 547 671 629 quod
692 545 791 609 sciam
815 546 875 608 dea
892 553 954 623 est,
978 545 1111 628 quaein
1133 545 1268 609 deorum
1284 567 1409 629 genea-

115 665 214 748 logiis
231 666 362 728 Terram
384 666 438 728 vel
455 665 579 728 anteire
601 666 655 728 vel
673 687 788 748 parem
805 687 878 727 cum
901 685 938 728 ea
960 666 1069 727 locum
1095 665 1244 728 obtinere
1265 665 1408 748 possit-‚¹

117 783 255 847 Ocelum
276 790 386 847 autem
410 806 484 848 cum
506 792 611 848 matre
633 807 692 847 sua
715 786 808 867 (haec
831 784 916 846 enim
933 784 1010 846 Nox
1032 793 1084 846 est
1107 784 1289 847 secundum
1311 785 1408 847 Aris·

115 902 256 965 totelem
280 909 314 966 et
335 904 532 985 Eudemum)
558 903 788 965 commercium
814 903 985 980 habuisse,
1011 924 1106 966 nemo
1132 903 1322 981 mirabitur,
1351 903 1408 986 qui

115 1022 341 1106 perpenderit,
373 1022 460 1106 apud
485 1022 667 1085 Hesiodum
693 1044 821 1105 quoque
848 1023 979 1085 Terram
1005 1022 1107 1086 Ocelo
1134 1033 1167 1085 et
1191 1024 1300 1085 Ponto
1326 1021 1406 1084 filiis

115 1141 249 1203 nubere.
278 1179 310 1189 -
335 1142 509 1205 Postremo
535 1140 563 1202 si
588 1140 659 1223 quis
684 1139 883 1204 Lobeckio
909 1141 986 1204 dare
1010 1139 1104 1219 velit,
1128 1141 1304 1224 Sophistae
1329 1141 1405 1204 loco

116 1282 213 1343 supra
238 1259 385 1342 allegato
409 1262 579 1344 Orpheum
604 1260 764 1338 denotari,
791 1261 849 1323 sed
870 1267 983 1324 tamen
1007 1260 1091 1322 illud
1116 1272 1152 1334 ὡς
1176 1270 1232 1334 ἑνὸς
1255 1269 1330 1334 ὄντος
1344 1275 1406 1368 ,τῶν

113 1387 220 1447 πάντων
240 1389 412 1465 καλουμένων
436 1379 476 1442 16
499 1380 632 1444 066666
655 1379 844 1463 intelligere
865 1387 1021 1456 recuset,¹
1039 1376 1105 1441 en!¹
1127 1379 1222 1442 adest
1243 1380 1336 1458 Nox,
1363 1401 1404 1442 cx

115 1519 179 1580 qua
195 1497 314 1575 omnia,
333 1520 416 1581 quae
433 1505 522 1576 sunt,
541 1497 698 1561 continuo
716 1499 829 1562 ordine
846 1498 983 1582 produci
998 1509 1133 1581 queant.

717 1687 747 1770 6.
768 1690 800 1749 a.

200 1822 275 1883 Jarn
296 1821 443 1904 quisquis
461 1843 500 1884 66
517 1821 754 1905 antiquissimis
771 1821 988 1905 scriptoribus
1005 1822 1184 1885 eruendum
1202 1843 1272 1885 esse
1289 1821 1401 1885 nobis-

115 1961 189 2002 cum
215 1940 349 2018 statuit,
378 1940 433 2023 qui
458 1941 686 2023 antiquissimo
711 1948 859 2024 tempore
885 1942 964 2004 ordo
991 1949 1024 2004 et
1049 1940 1175 2025 species
1199 1941 1400 2023 theogoniae

116 2058 278 2142 Orphicae
301 2059 415 2136 fuerit,
443 2059 583 2122 fortasse
605 2080 692 2123 nunc
715 2060 890 2138 concedet,
917 2059 1130 2143 gravissimos
1151 2060 1283 2124 illorum
1307 2060 1400 2123 locos

114 2199 181 2241 non
205 2179 293 2241 ultra
314 2179 456 2242 Noctem
483 2179 619 2243 deorum
641 2178 802 2261 originem
822 2180 982 2262 relegare.
1024 2180 1183 2242 Quamvis
1207 2179 1310 2262 igitur
1331 2185 1402 2242 tam

114 2318 220 2380 pauca
244 2296 326 2376 sint,
354 2320 436 2380 quae
460 2299 556 2361 nohis
581 2298 621 2361 de
645 2299 777 2382 Orpheo
803 2321 822 2361 a
842 2299 999 2376 Platone,
1025 2299 1225 2377 Aristotele,
1251 2298 1400 2361 Eudemo

114 2423 299 2493 narrantur,
323 2423 442 2479 utnon
458 2417 522 2480 nisi
538 2417 680 2500 quinque
698 2417 834 2480 deorum
849 2427 942 2502 γενεάς
958 2440 975 2480 6
990 2418 1101 2481 Nocte
1118 2425 1206 2480 ortas
1223 2416 1403 2480 staminum

114 2534 220 2598 instar
234 2535 406 2599 intendere
422 2535 533 2614 liceat,
550 2557 656 2619 neque
673 2543 825 2599 accurate
842 2536 907 2599 dici
922 2536 1039 2620 possit,
1058 2558 1140 2619 quae
1156 2559 1174 2600 a
1190 2544 1302 2600 vetere
1319 2557 1402 2620 quae

115 2677 134 2716 a
155 2654 338 2718 recentiore
363 2661 461 2738 poeta
486 2656 644 2728 subtexta
665 2654 747 2734 sint,
772 2663 886 2719 tamen
907 2657 970 2718 hoc
994 2678 1097 2718 uuum
1118 2643 1249 2719 videtur
1274 2664 1400 2718 certum

116 2794 203 2851 esse,
230 2796 481 2857 quaecunque
506 2774 544 2837 in
573 2774 805 2857 fragmentis
830 2774 996 2837 Noctem
1021 2775 1271 2851 antecedant,
1299 2774 1401 2837 anti-

116 2891 302 2975 quissimo
324 2893 486 2957 carmini
505 2916 580 2956 non
600 2915 684 2957 esse
704 2870 949 2957 vin-dicanda.
982 2894 1080 2957 Quod
1097 2893 1125 2955 si
1140 2894 1187 2956 ita
1204 2903 1265 2971 est,
1283 2893 1402 2956 mirum

116 3017 216 3090 esset,
242 3011 306 3072 nisi
326 3011 361 3074 in
382 3011 577 3095 fragmentis
600 3034 729 3095 quoque
752 3011 862 3096 aliqua
883 3013 1024 3096 vestigia
1045 3012 1291 3090 remansissent,
1318 3035 1402 3095 quae

117 3151 155 3192 eo
172 3129 243 3214 ipso
256 3131 341 3209 loce,
358 3131 416 3194 ubi
432 3132 472 3194 de
483 3132 592 3195 Nocte
609 3154 714 3195 sermo
728 3133 778 3210 fit,
797 3154 927 3195 carmen
938 3139 1114 3195 consutum
1130 3154 1201 3195 esse
1212 3140 1400 3215 arguerent.

115 3249 199 3327 Nec,
224 3249 252 3312 si
267 3256 357 3313 recte
379 3249 486 3329 video,
510 3272 585 3335 spes
601 3273 661 3313 nos
683 3251 782 3314 fallit.
820 3251 914 3314 Nihil
936 3251 1020 3315 enim
1045 3251 1117 3314 dico
1139 3252 1179 3314 de
1202 3250 1279 3314 stilo
1301 3258 1402 3335 atque

117 3367 248 3432 dicendi
272 3391 392 3451 genere
417 3368 560 3454 partium
582 3370 727 3434 Noctem
751 3370 997 3455 6666666116612
1023 3370 1120 3433 nimis
1146 3377 1261 3433 ornato
1267 3419 1277 3448 ,
1304 3371 1401 3434 anxio

117 3493 151 3550 et
172 3510 191 3550 a
213 3494 395 3552 ceterorum
418 3511 572 3552 versuum
594 3489 729 3573 antiqua
751 3488 964 3574 simplicitate
981 3497 1015 3552 et
1034 3496 1210 3553 ¹venustate
1232 3489 1329 3552 valde
1351 3511 1401 3552 re·

116 3613 262 3683 moto—3
294 3631 369 3670 nam
395 3630 469 3672 cum
494 3609 534 3672 de
565 3608 696 3692 hymnis
723 3609 876 3693 Orphicis
901 3609 1221 3692 elegantissimorum
1247 3608 1402 3671 doctissi-

185 3774 195 3806 ¹
212 3777 359 3842 Eurynome
377 3780 409 3828 61)
428 3781 568 3843 Apollonio
588 3781 698 3846 (Aspen.
718 3781 817 3844 Lace)
837 3790 895 3832 aute
914 3791 1012 3832 ceteros
1031 3784 1093 3832 1666
1112 3782 1274 3846 Olympicum
1293 3797 1401 3845 regnum

115 3863 228 3912 tenuisse
253 3864 356 3913 dicitur.
392 3865 453 3928 Ipsa
476 3873 562 3914 autem
585 3880 638 3914 666
656 3867 739 3915 solum
761 3873 820 3929 post
839 3865 924 3915 Chaos
944 3866 980 3929 (v.
999 3869 1157 3931 496-490,
1182 3870 1227 3918 scd
1246 3869 1323 3917 etiam
1340 3878 1401 3931 post

117 3946 250 3997 Oceanum
267 3955 329 3997 nata
347 3956 394 4008 est,
413 3964 472 3998 cum
490 3950 545 3999 6166
563 3950 617 3998 filia
634 3957 747 3999 vocetur.

185 4030 267 4082 ²Nec
290 4049 343 4082 666
367 4048 467 4096 earum,
497 4036 589 4098 quibus
613 4037 644 4084 16
669 4036 790 4086 Phanetis
818 4037 932 4101 cataposi
960 4038 1052 4101 agitur.
1089 4039 1123 4088 Ut
1147 4054 1226 4087 unum
1255 4039 1401 4101 exemplum

115 4118 253 4183 proferam,
272 4119 330 4182 quis
347 4118 435 4168 tulerit
452 4119 577 4169 eiusmodi
596 4120 766 4184 epithetorum
784 4124 1003 4172 coacervationem
1017 4132 1042 4172 et
1054 4125 1266 4188 etymologiarum
1278 4125 1398 4187 ineptias,
1416 4170 1418 4177 .

116 4204 206 4272 quales
212 4212 395 4269 proponuntur
406 4205 433 4252 in
445 4205 560 4255 versibus
577 4207 738 4256 aMacrcbic
750 4208 886 4257 asservatis
904 4206 977 4272 (Ayl.
987 4226 1017 4273 6.
1031 4213 1090 4268 498,
1104 4208 1137 4257 61.
1151 4210 1217 4259 infra
1225 4227 1255 4276 6.
1270 4209 1332 4272 28)1
1349 4209 1399 4258 Ita-

117 4299 166 4352 que
183 4288 342 4338 Lobeckii
359 4289 457 4338 iudicio
477 4291 550 4355 (Ayl.
566 4309 594 4356 p.
610 4290 671 4353 611)
690 4306 742 4340 666
759 4293 811 4342 6161
830 4294 945 4357 exceptis
963 4294 1003 4354 iis,
1024 4308 1087 4357 quas
1105 4295 1181 4344 modo
1201 4296 1265 4354 dixi,
1284 4295 1399 4357 partibus

117 4372 278 4422 subscribere
295 4389 409 4438 possum.
