<?xml version="1.0" encoding="UTF-8"?>
<!DOCTYPE html PUBLIC "-//W3C//DTD XHTML 1.0 Transitional//EN"
    "http://www.w3.org/TR/xhtml1/DTD/xhtml1-transitional.dtd">
<html xmlns="http://www.w3.org/1999/xhtml" xml:lang="en" lang="en">
 <head>
  <title>
</title>
<meta http-equiv="Content-Type" content="text/html;charset=utf-8" />
  <meta name='ocr-system' content='tesseract 3.04.00' />
  <meta name='ocr-capabilities' content='ocr_page ocr_carea ocr_par ocr_line ocrx_word'/>
</head>
<body>
  <div class='ocr_page' id='page_1' title='image "./deveterisorphic01schugoog_0015.png"; bbox 0 0 3038 4988; ppageno 0'>
   <div class='ocr_carea' id='block_1_1' title="bbox 761 223 779 281">
    <p class='ocr_par' dir='ltr' id='par_1_1' title="bbox 761 223 779 281">
     <span class='ocr_line' id='line_1_1' title="bbox 761 223 779 281; baseline 0 0"><span class='ocrx_word' id='word_1_1' title='bbox 761 223 779 281; x_wconf 87' lang='lat'><strong>6</strong></span> 
     </span>
    </p>
   </div>
   <div class='ocr_carea' id='block_1_2' title="bbox 128 421 1417 1101">
    <p class='ocr_par' dir='ltr' id='par_1_2' title="bbox 128 421 1417 1101">
     <span class='ocr_line' id='line_1_2' title="bbox 128 421 1417 510; baseline 0.002 -20"><span class='ocrx_word' id='word_1_2' title='bbox 128 423 226 504; x_wconf 79' lang='grc' dir='ltr'>παισίν)</span> <span class='ocrx_word' id='word_1_3' title='bbox 248 422 372 484; x_wconf 69' lang='lat' dir='ltr'>tradita</span> <span class='ocrx_word' id='word_1_4' title='bbox 394 428 515 499; x_wconf 80' lang='lat' dir='ltr'>essent,</span> <span class='ocrx_word' id='word_1_5' title='bbox 539 421 587 484; x_wconf 78' lang='lat' dir='ltr'>ita</span> <span class='ocrx_word' id='word_1_6' title='bbox 608 421 733 504; x_wconf 72' lang='lat' dir='ltr'>pergit:</span> <span class='ocrx_word' id='word_1_7' title='bbox 764 430 850 495; x_wconf 72' lang='grc' dir='ltr'>οὕτως</span> <span class='ocrx_word' id='word_1_8' title='bbox 864 427 909 490; x_wconf 77' lang='grc' dir='ltr'>οὖν</span> <span class='ocrx_word' id='word_1_9' title='bbox 928 428 983 490; x_wconf 83' lang='grc' dir='ltr'>κατ’</span> <span class='ocrx_word' id='word_1_10' title='bbox 1001 430 1114 496; x_wconf 76' lang='grc' dir='ltr'>ἐκείνους</span> <span class='ocrx_word' id='word_1_11' title='bbox 1133 434 1195 509; x_wconf 75' lang='grc' dir='ltr'>ἡμῖν</span> <span class='ocrx_word' id='word_1_12' title='bbox 1209 435 1226 509; x_wconf 79' lang='grc' dir='ltr'>ἡ</span> <span class='ocrx_word' id='word_1_13' title='bbox 1242 433 1339 509; x_wconf 84' lang='grc' dir='ltr'>γένεσις</span> <span class='ocrx_word' id='word_1_14' title='bbox 1357 433 1417 510; x_wconf 84' lang='grc' dir='ltr'>περὶ</span> 
     </span>
     <span class='ocr_line' id='line_1_3' title="bbox 129 547 1417 631; baseline 0.002 -23"><span class='ocrx_word' id='word_1_15' title='bbox 129 548 230 608; x_wconf 73' lang='grc' dir='ltr'>τούτων</span> <span class='ocrx_word' id='word_1_16' title='bbox 248 555 301 609; x_wconf 85' lang='grc' dir='ltr'>τῶν</span> <span class='ocrx_word' id='word_1_17' title='bbox 321 551 392 610; x_wconf 68' lang='grc' dir='ltr'>θεῶν</span> <span class='ocrx_word' id='word_1_18' title='bbox 412 551 497 631; x_wconf 83' lang='grc' dir='ltr'>ἐχέτω</span> <span class='ocrx_word' id='word_1_19' title='bbox 520 549 564 609; x_wconf 79' lang='grc' dir='ltr'>καὶ</span> <span class='ocrx_word' id='word_1_20' title='bbox 585 551 721 627; x_wconf 79' lang='grc' dir='ltr'>λεγέσθω·</span> <span class='ocrx_word' id='word_1_21' title='bbox 748 551 769 610; x_wconf 96' lang='grc' dir='ltr'>Γ</span> <span class='ocrx_word' id='word_1_22' title='bbox 771 556 803 628; x_wconf 77' lang='grc' dir='ltr'>ἧς</span> <span class='ocrx_word' id='word_1_23' title='bbox 823 573 853 608; x_wconf 89' lang='grc' dir='ltr'>τε</span> <span class='ocrx_word' id='word_1_24' title='bbox 873 550 917 608; x_wconf 82' lang='grc' dir='ltr'>καὶ</span> <span class='ocrx_word' id='word_1_25' title='bbox 933 547 1054 628; x_wconf 77' lang='grc' dir='ltr'>Οὐρανοῦ</span> <span class='ocrx_word' id='word_1_26' title='bbox 1069 547 1302 617; x_wconf 79' lang='grc' dir='ltr'>παῖδεςὨκεανός</span> <span class='ocrx_word' id='word_1_27' title='bbox 1323 575 1352 610; x_wconf 89' lang='grc' dir='ltr'>τε</span> <span class='ocrx_word' id='word_1_28' title='bbox 1373 553 1417 610; x_wconf 81' lang='grc' dir='ltr'>καὶ</span> 
     </span>
     <span class='ocr_line' id='line_1_4' title="bbox 131 664 1416 747; baseline 0.002 -19"><span class='ocrx_word' id='word_1_29' title='bbox 131 668 224 746; x_wconf 80' lang='grc' dir='ltr'>Τηθὺς</span> <span class='ocrx_word' id='word_1_30' title='bbox 239 669 389 746; x_wconf 73' lang='grc' dir='ltr'>ἐγενέσθην,</span> <span class='ocrx_word' id='word_1_31' title='bbox 408 668 509 729; x_wconf 83' lang='grc' dir='ltr'>τοότων</span> <span class='ocrx_word' id='word_1_32' title='bbox 524 671 555 729; x_wconf 84' lang='grc' dir='ltr'>δὲ</span> <span class='ocrx_word' id='word_1_33' title='bbox 571 664 679 747; x_wconf 79' lang='grc' dir='ltr'>Φόρκυς</span> <span class='ocrx_word' id='word_1_34' title='bbox 694 665 799 747; x_wconf 81' lang='grc' dir='ltr'>Κρόνος</span> <span class='ocrx_word' id='word_1_35' title='bbox 812 693 843 728; x_wconf 89' lang='grc' dir='ltr'>τε</span> <span class='ocrx_word' id='word_1_36' title='bbox 858 668 903 728; x_wconf 82' lang='grc' dir='ltr'>καὶ</span> <span class='ocrx_word' id='word_1_37' title='bbox 913 667 983 728; x_wconf 80' lang='grc' dir='ltr'>Ῥέα</span> <span class='ocrx_word' id='word_1_38' title='bbox 998 668 1043 729; x_wconf 79' lang='grc' dir='ltr'>καὶ</span> <span class='ocrx_word' id='word_1_39' title='bbox 1057 671 1114 729; x_wconf 75' lang='grc' dir='ltr'>ὅσοι</span> <span class='ocrx_word' id='word_1_40' title='bbox 1130 668 1325 747; x_wconf 68' lang='lat' dir='ltr'>perimitur,</span> <span class='ocrx_word' id='word_1_41' title='bbox 1341 671 1371 729; x_wconf 77' lang='grc' dir='ltr'>ἐκ</span> <span class='ocrx_word' id='word_1_42' title='bbox 1386 673 1416 730; x_wconf 82' lang='grc' dir='ltr'>’δὲ</span> 
     </span>
     <span class='ocr_line' id='line_1_5' title="bbox 131 784 1415 867; baseline 0.002 -21"><span class='ocrx_word' id='word_1_43' title='bbox 131 784 238 864; x_wconf 84' lang='grc' dir='ltr'>Κρόνου</span> <span class='ocrx_word' id='word_1_44' title='bbox 258 785 395 853; x_wconf 77' lang='grc' dir='ltr'>ναὶῬέας</span> <span class='ocrx_word' id='word_1_45' title='bbox 410 788 478 854; x_wconf 78' lang='grc' dir='ltr'>Ζεὺς</span> <span class='ocrx_word' id='word_1_46' title='bbox 493 785 566 867; x_wconf 81' lang='grc' dir='ltr'>Ἥρα</span> <span class='ocrx_word' id='word_1_47' title='bbox 580 813 612 848; x_wconf 88' lang='grc' dir='ltr'>τε</span> <span class='ocrx_word' id='word_1_48' title='bbox 631 788 675 847; x_wconf 81' lang='grc' dir='ltr'>καὶ</span> <span class='ocrx_word' id='word_1_49' title='bbox 689 784 787 854; x_wconf 70' lang='grc' dir='ltr'>πάντες</span> <span class='ocrx_word' id='word_1_50' title='bbox 806 788 885 854; x_wconf 76' lang='grc' dir='ltr'>ὅσους</span> <span class='ocrx_word' id='word_1_51' title='bbox 898 787 975 866; x_wconf 81' lang='grc' dir='ltr'>ἰ’σμεν</span> <span class='ocrx_word' id='word_1_52' title='bbox 994 789 1127 866; x_wconf 78' lang='grc' dir='ltr'>ἀδελφοὺς</span> <span class='ocrx_word' id='word_1_53' title='bbox 1142 789 1298 866; x_wconf 76' lang='grc' dir='ltr'>λεγομένους</span> <span class='ocrx_word' id='word_1_54' title='bbox 1318 789 1415 863; x_wconf 76' lang='grc' dir='ltr'>αὐτῶν,</span> 
     </span>
     <span class='ocr_line' id='line_1_6' title="bbox 132 898 1415 983; baseline -0.005 -17"><span class='ocrx_word' id='word_1_55' title='bbox 132 906 169 966; x_wconf 81' lang='grc' dir='ltr'>ἔτι</span> <span class='ocrx_word' id='word_1_56' title='bbox 183 930 214 965; x_wconf 89' lang='grc' dir='ltr'>τε</span> <span class='ocrx_word' id='word_1_57' title='bbox 228 906 330 966; x_wconf 75' lang='grc' dir='ltr'>τούτων</span> <span class='ocrx_word' id='word_1_58' title='bbox 349 905 445 973; x_wconf 77' lang='grc' dir='ltr'>ἄλλους</span> <span class='ocrx_word' id='word_1_59' title='bbox 460 907 588 983; x_wconf 76' lang='grc' dir='ltr'>ἐκγόνους.</span> <span class='ocrx_word' id='word_1_60' title='bbox 622 898 714 962; x_wconf 84' lang='lat' dir='ltr'>Haec</span> <span class='ocrx_word' id='word_1_61' title='bbox 729 898 904 961; x_wconf 73' lang='lat' dir='ltr'>Platonem</span> <span class='ocrx_word' id='word_1_62' title='bbox 925 922 991 962; x_wconf 90' lang='lat' dir='ltr'>non</span> <span class='ocrx_word' id='word_1_63' title='bbox 1013 920 1054 961; x_wconf 85' lang='lat' dir='ltr'>ex</span> <span class='ocrx_word' id='word_1_64' title='bbox 1069 899 1213 961; x_wconf 81' lang='lat' dir='ltr'><strong>Homero</strong></span> <span class='ocrx_word' id='word_1_65' title='bbox 1237 898 1415 981; x_wconf 86' lang='lat' dir='ltr'>sumpsisse</span> 
     </span>
     <span class='ocr_line' id='line_1_7' title="bbox 133 1015 1414 1101; baseline 0 -22"><span class='ocrx_word' id='word_1_66' title='bbox 133 1039 206 1079; x_wconf 93' lang='lat' dir='ltr'>cum</span> <span class='ocrx_word' id='word_1_67' title='bbox 223 1016 295 1079; x_wconf 88' lang='lat' dir='ltr'>aliis</span> <span class='ocrx_word' id='word_1_68' title='bbox 312 1017 352 1079; x_wconf 91' lang='lat' dir='ltr'>de</span> <span class='ocrx_word' id='word_1_69' title='bbox 370 1015 475 1079; x_wconf 87' lang='lat' dir='ltr'>causis</span> <span class='ocrx_word' id='word_1_70' title='bbox 498 1016 709 1080; x_wconf 84' lang='lat' dir='ltr'>manifestum</span> <span class='ocrx_word' id='word_1_71' title='bbox 726 1024 778 1081; x_wconf 91' lang='lat' dir='ltr'>est</span> <span class='ocrx_word' id='word_1_72' title='bbox 793 1024 865 1079; x_wconf 92' lang='lat' dir='ltr'>tum</span> <span class='ocrx_word' id='word_1_73' title='bbox 880 1026 1065 1101; x_wconf 89' lang='lat' dir='ltr'>propterea,</span> <span class='ocrx_word' id='word_1_74' title='bbox 1090 1018 1177 1100; x_wconf 91' lang='lat' dir='ltr'>quod</span> <span class='ocrx_word' id='word_1_75' title='bbox 1194 1039 1234 1080; x_wconf 83' lang='lat' dir='ltr'>ex</span> <span class='ocrx_word' id='word_1_76' title='bbox 1249 1018 1329 1101; x_wconf 89' lang='lat' dir='ltr'>ipsis</span> <span class='ocrx_word' id='word_1_77' title='bbox 1346 1017 1414 1080; x_wconf 91' lang='lat' dir='ltr'>eius</span> 
     </span>
    </p>
   </div>
   <div class='ocr_carea' id='block_1_3' title="bbox 131 1134 1415 1219">
    <p class='ocr_par' dir='ltr' id='par_1_3' title="bbox 131 1134 1415 1219">
     <span class='ocr_line' id='line_1_8' title="bbox 131 1134 1415 1219; baseline 0 -20"><span class='ocrx_word' id='word_1_78' title='bbox 131 1134 240 1199; x_wconf 88' lang='lat' dir='ltr'>verbis</span> <span class='ocrx_word' id='word_1_79' title='bbox 262 1135 471 1218; x_wconf 88' lang='lat' dir='ltr'>perspicuum</span> <span class='ocrx_word' id='word_1_80' title='bbox 493 1143 554 1213; x_wconf 91' lang='lat' dir='ltr'>est,</span> <span class='ocrx_word' id='word_1_81' title='bbox 579 1158 652 1198; x_wconf 92' lang='lat' dir='ltr'>eum</span> <span class='ocrx_word' id='word_1_82' title='bbox 674 1137 887 1219; x_wconf 82' lang='lat' dir='ltr'>genealogias</span> <span class='ocrx_word' id='word_1_83' title='bbox 910 1144 1062 1200; x_wconf 88' lang='lat' dir='ltr'>accurate</span> <span class='ocrx_word' id='word_1_84' title='bbox 1085 1137 1277 1219; x_wconf 88' lang='lat' dir='ltr'>descriptas,</span> <span class='ocrx_word' id='word_1_85' title='bbox 1302 1138 1415 1219; x_wconf 89' lang='lat' dir='ltr'>quales</span> 
     </span>
    </p>
   </div>
   <div class='ocr_carea' id='block_1_4' title="bbox 123 1254 1484 3480">
    <p class='ocr_par' dir='ltr' id='par_1_4' title="bbox 123 1254 1484 3480">
     <span class='ocr_line' id='line_1_9' title="bbox 132 1254 1416 1338; baseline 0 -20"><span class='ocrx_word' id='word_1_86' title='bbox 132 1255 166 1318; x_wconf 95' lang='lat' dir='ltr'>in</span> <span class='ocrx_word' id='word_1_87' title='bbox 189 1254 378 1337; x_wconf 83' lang='lat' dir='ltr'>theogoniis</span> <span class='ocrx_word' id='word_1_88' title='bbox 403 1254 627 1334; x_wconf 73' lang='lat' dir='ltr'>inveniantur,</span> <span class='ocrx_word' id='word_1_89' title='bbox 661 1263 737 1318; x_wconf 90' lang='lat' dir='ltr'>ante</span> <span class='ocrx_word' id='word_1_90' title='bbox 767 1257 880 1318; x_wconf 89' lang='lat' dir='ltr'>oculos</span> <span class='ocrx_word' id='word_1_91' title='bbox 909 1257 1075 1319; x_wconf 84' lang='lat' dir='ltr'>habuisse.</span> <span class='ocrx_word' id='word_1_92' title='bbox 1124 1256 1288 1319; x_wconf 73' lang='lat' dir='ltr'>Hesiodus</span> <span class='ocrx_word' id='word_1_93' title='bbox 1313 1255 1416 1338; x_wconf 83' lang='lat' dir='ltr'>igitur</span> 
     </span>
     <span class='ocr_line' id='line_1_10' title="bbox 133 1373 1413 1458; baseline -0.002 -20"><span class='ocrx_word' id='word_1_94' title='bbox 133 1375 346 1438; x_wconf 85' lang='lat' dir='ltr'>arcessendus</span> <span class='ocrx_word' id='word_1_95' title='bbox 368 1373 509 1437; x_wconf 88' lang='lat' dir='ltr'>videtur.</span> <span class='ocrx_word' id='word_1_96' title='bbox 547 1376 595 1437; x_wconf 86' lang='lat' dir='ltr'>At</span> <span class='ocrx_word' id='word_1_97' title='bbox 615 1373 700 1437; x_wconf 90' lang='lat' dir='ltr'>enim</span> <span class='ocrx_word' id='word_1_98' title='bbox 722 1397 789 1438; x_wconf 93' lang='lat' dir='ltr'>non</span> <span class='ocrx_word' id='word_1_99' title='bbox 810 1375 916 1452; x_wconf 88' lang='lat' dir='ltr'>vide0,</span> <span class='ocrx_word' id='word_1_100' title='bbox 941 1399 1004 1458; x_wconf 91' lang='lat' dir='ltr'>quo</span> <span class='ocrx_word' id='word_1_101' title='bbox 1022 1375 1090 1438; x_wconf 89' lang='lat' dir='ltr'>iure</span> <span class='ocrx_word' id='word_1_102' title='bbox 1107 1377 1203 1437; x_wconf 89' lang='lat' dir='ltr'>Plato</span> <span class='ocrx_word' id='word_1_103' title='bbox 1220 1374 1413 1451; x_wconf 85' lang='lat' dir='ltr'>Hesiodum,</span> 
     </span>
     <span class='ocr_line' id='line_1_11' title="bbox 132 1493 1414 1576; baseline -0.002 -20"><span class='ocrx_word' id='word_1_104' title='bbox 132 1501 265 1576; x_wconf 90' lang='lat' dir='ltr'>poetam</span> <span class='ocrx_word' id='word_1_105' title='bbox 275 1495 466 1571; x_wconf 80' lang='lat' dir='ltr'>Ascraeum,</span> <span class='ocrx_word' id='word_1_106' title='bbox 479 1494 581 1576; x_wconf 89' lang='lat' dir='ltr'>patris</span> <span class='ocrx_word' id='word_1_107' title='bbox 593 1493 733 1557; x_wconf 87' lang='lat' dir='ltr'>Cumani</span> <span class='ocrx_word' id='word_1_108' title='bbox 740 1494 863 1556; x_wconf 88' lang='lat' dir='ltr'>filium¹</span> <span class='ocrx_word' id='word_1_109' title='bbox 875 1517 913 1558; x_wconf 92' lang='lat' dir='ltr'>ac</span> <span class='ocrx_word' id='word_1_110' title='bbox 924 1494 1078 1557; x_wconf 71' lang='lat' dir='ltr'>dissoluti</span> <span class='ocrx_word' id='word_1_111' title='bbox 1087 1495 1206 1557; x_wconf 85' lang='lat' dir='ltr'>Persae</span> <span class='ocrx_word' id='word_1_112' title='bbox 1216 1495 1414 1569; x_wconf 79' lang='lat' dir='ltr'>Memorem,</span> 
     </span>
     <span class='ocr_line' id='line_1_12' title="bbox 132 1611 1416 1696; baseline -0.002 -20"><span class='ocrx_word' id='word_1_113' title='bbox 132 1613 218 1676; x_wconf 89' lang='lat' dir='ltr'>inter</span> <span class='ocrx_word' id='word_1_114' title='bbox 240 1613 375 1675; x_wconf 89' lang='lat' dir='ltr'>deorum</span> <span class='ocrx_word' id='word_1_115' title='bbox 397 1612 518 1676; x_wconf 88' lang='lat' dir='ltr'>liberos</span> <span class='ocrx_word' id='word_1_116' title='bbox 540 1635 709 1676; x_wconf 86' lang='lat' dir='ltr'>numerare</span> <span class='ocrx_word' id='word_1_117' title='bbox 731 1613 889 1696; x_wconf 87' lang='lat' dir='ltr'>potuerit.</span> <span class='ocrx_word' id='word_1_118' title='bbox 937 1614 1003 1676; x_wconf 84' lang='lat' dir='ltr'>Sed</span> <span class='ocrx_word' id='word_1_119' title='bbox 1025 1613 1122 1695; x_wconf 81' lang='lat' dir='ltr'>quid?</span> <span class='ocrx_word' id='word_1_120' title='bbox 1154 1613 1274 1675; x_wconf 90' lang='lat' dir='ltr'>Nonne</span> <span class='ocrx_word' id='word_1_121' title='bbox 1297 1611 1416 1675; x_wconf 85' lang='lat' dir='ltr'>Suidas</span> 
     </span>
     <span class='ocr_line' id='line_1_13' title="bbox 132 1730 1415 1814; baseline -0.001 -20"><span class='ocrx_word' id='word_1_122' title='bbox 132 1732 269 1795; x_wconf 92' lang='lat' dir='ltr'>Homeri</span> <span class='ocrx_word' id='word_1_123' title='bbox 291 1739 325 1794; x_wconf 90' lang='lat' dir='ltr'>et</span> <span class='ocrx_word' id='word_1_124' title='bbox 340 1730 479 1794; x_wconf 85' lang='lat' dir='ltr'>Hesiodi</span> <span class='ocrx_word' id='word_1_125' title='bbox 499 1753 604 1814; x_wconf 81' lang='lat' dir='ltr'>genus</span> <span class='ocrx_word' id='word_1_126' title='bbox 626 1733 667 1795; x_wconf 89' lang='lat' dir='ltr'>ab</span> <span class='ocrx_word' id='word_1_127' title='bbox 684 1733 824 1795; x_wconf 85' lang='lat' dir='ltr'>Atlante</span> <span class='ocrx_word' id='word_1_128' title='bbox 847 1732 965 1796; x_wconf 91' lang='lat' dir='ltr'>deduci</span> <span class='ocrx_word' id='word_1_129' title='bbox 986 1731 1108 1795; x_wconf 87' lang='lat' dir='ltr'>tradit?</span> <span class='ocrx_word' id='word_1_130' title='bbox 1138 1733 1182 1794; x_wconf 85' lang='lat' dir='ltr'>Et</span> <span class='ocrx_word' id='word_1_131' title='bbox 1205 1731 1320 1814; x_wconf 89' lang='lat' dir='ltr'>siquis</span> <span class='ocrx_word' id='word_1_132' title='bbox 1343 1753 1415 1793; x_wconf 90' lang='lat' dir='ltr'>eam</span> 
     </span>
     <span class='ocr_line' id='line_1_14' title="bbox 133 1850 1414 1928; baseline -0.002 -14"><span class='ocrx_word' id='word_1_133' title='bbox 133 1850 333 1914; x_wconf 90' lang='lat' dir='ltr'>sententiam</span> <span class='ocrx_word' id='word_1_134' title='bbox 344 1850 477 1913; x_wconf 88' lang='lat' dir='ltr'>Platoni</span> <span class='ocrx_word' id='word_1_135' title='bbox 488 1851 663 1914; x_wconf 70' lang='lat' dir='ltr'>obtrudere</span> <span class='ocrx_word' id='word_1_136' title='bbox 675 1850 816 1928; x_wconf 90' lang='lat' dir='ltr'>dubitet,</span> <span class='ocrx_word' id='word_1_137' title='bbox 834 1873 943 1914; x_wconf 89' lang='lat' dir='ltr'>nonne</span> <span class='ocrx_word' id='word_1_138' title='bbox 954 1858 1129 1914; x_wconf 72' lang='lat' dir='ltr'>stemmata</span> <span class='ocrx_word' id='word_1_139' title='bbox 1140 1857 1217 1913; x_wconf 92' lang='lat' dir='ltr'>sunt</span> <span class='ocrx_word' id='word_1_140' title='bbox 1227 1874 1246 1913; x_wconf 90' lang='lat' dir='ltr'>a</span> <span class='ocrx_word' id='word_1_141' title='bbox 1256 1851 1414 1926; x_wconf 77' lang='lat' dir='ltr'>Charace,</span> 
     </span>
     <span class='ocr_line' id='line_1_15' title="bbox 134 1968 1416 2052; baseline -0.002 -20"><span class='ocrx_word' id='word_1_142' title='bbox 134 1970 292 2052; x_wconf 78' lang='lat' dir='ltr'>scriptore</span> <span class='ocrx_word' id='word_1_143' title='bbox 304 1968 443 2052; x_wconf 80' lang='lat' dir='ltr'>Agonis,</span> <span class='ocrx_word' id='word_1_144' title='bbox 458 1970 599 2032; x_wconf 89' lang='lat' dir='ltr'>Proculo</span> <span class='ocrx_word' id='word_1_145' title='bbox 610 1970 790 2052; x_wconf 89' lang='lat' dir='ltr'>proposita,</span> <span class='ocrx_word' id='word_1_146' title='bbox 806 1970 958 2047; x_wconf 83' lang='lat' dir='ltr'>ubiLini,</span> <span class='ocrx_word' id='word_1_147' title='bbox 973 1970 1108 2052; x_wconf 89' lang='lat' dir='ltr'>Orphei,</span> <span class='ocrx_word' id='word_1_148' title='bbox 1121 1969 1268 2047; x_wconf 89' lang='lat' dir='ltr'>Hesiodi,</span> <span class='ocrx_word' id='word_1_149' title='bbox 1280 1968 1416 2031; x_wconf 87' lang='lat' dir='ltr'>Homeri</span> 
     </span>
     <span class='ocr_line' id='line_1_16' title="bbox 134 2087 1415 2172; baseline -0.003 -20"><span class='ocrx_word' id='word_1_150' title='bbox 134 2089 252 2172; x_wconf 84' lang='lat' dir='ltr'>stirpes</span> <span class='ocrx_word' id='word_1_151' title='bbox 275 2088 316 2152; x_wconf 88' lang='lat' dir='ltr'>ad</span> <span class='ocrx_word' id='word_1_152' title='bbox 332 2112 432 2150; x_wconf 91' lang='lat' dir='ltr'>unum</span> <span class='ocrx_word' id='word_1_153' title='bbox 455 2095 649 2151; x_wconf 88' lang='lat' dir='ltr'>revocentur</span> <span class='ocrx_word' id='word_1_154' title='bbox 665 2087 812 2153; x_wconf 87' lang='lat' dir='ltr'>divinum</span> <span class='ocrx_word' id='word_1_155' title='bbox 834 2089 999 2152; x_wconf 79' lang='lat' dir='ltr'>fontemi²</span> <span class='ocrx_word' id='word_1_156' title='bbox 1027 2090 1120 2152; x_wconf 91' lang='lat' dir='ltr'>Neve</span> <span class='ocrx_word' id='word_1_157' title='bbox 1144 2087 1332 2171; x_wconf 90' lang='lat' dir='ltr'>quisdicat,</span> <span class='ocrx_word' id='word_1_158' title='bbox 1356 2089 1415 2149; x_wconf 90' lang='lat' dir='ltr'>has</span> 
     </span>
     <span class='ocr_line' id='line_1_17' title="bbox 133 2207 1417 2290; baseline -0.003 -19"><span class='ocrx_word' id='word_1_159' title='bbox 133 2208 283 2271; x_wconf 89' lang='lat' dir='ltr'>inficetas</span> <span class='ocrx_word' id='word_1_160' title='bbox 308 2229 379 2271; x_wconf 91' lang='lat' dir='ltr'>esse</span> <span class='ocrx_word' id='word_1_161' title='bbox 405 2209 663 2290; x_wconf 80' lang='lat' dir='ltr'>genealogorum</span> <span class='ocrx_word' id='word_1_162' title='bbox 687 2214 786 2271; x_wconf 87' lang='lat' dir='ltr'>artes.</span> <span class='ocrx_word' id='word_1_163' title='bbox 833 2208 966 2271; x_wconf 88' lang='lat' dir='ltr'>Etenim</span> <span class='ocrx_word' id='word_1_164' title='bbox 991 2209 1132 2271; x_wconf 86' lang='lat' dir='ltr'>conficta</span> <span class='ocrx_word' id='word_1_165' title='bbox 1156 2207 1216 2270; x_wconf 89' lang='lat' dir='ltr'>illa</span> <span class='ocrx_word' id='word_1_166' title='bbox 1239 2213 1417 2270; x_wconf 88' lang='lat' dir='ltr'>stemmata</span> 
     </span>
     <span class='ocr_line' id='line_1_18' title="bbox 123 2316 1418 2409; baseline -0.003 -19"><span class='ocrx_word' id='word_1_167' title='bbox 123 2316 216 2406; x_wconf 81' lang='lat' dir='ltr'>esse,</span> <span class='ocrx_word' id='word_1_168' title='bbox 234 2349 329 2390; x_wconf 89' lang='lat' dir='ltr'>nemo</span> <span class='ocrx_word' id='word_1_169' title='bbox 345 2327 493 2409; x_wconf 84' lang='lat' dir='ltr'>negabit,</span> <span class='ocrx_word' id='word_1_170' title='bbox 517 2326 576 2390; x_wconf 93' lang='lat' dir='ltr'>sed</span> <span class='ocrx_word' id='word_1_171' title='bbox 591 2348 654 2409; x_wconf 92' lang='lat' dir='ltr'>quo</span> <span class='ocrx_word' id='word_1_172' title='bbox 670 2334 819 2409; x_wconf 89' lang='lat' dir='ltr'>tempore</span> <span class='ocrx_word' id='word_1_173' title='bbox 837 2327 978 2390; x_wconf 87' lang='lat' dir='ltr'>conficta</span> <span class='ocrx_word' id='word_1_174' title='bbox 994 2326 1071 2405; x_wconf 91' lang='lat' dir='ltr'>sint,</span> <span class='ocrx_word' id='word_1_175' title='bbox 1094 2349 1160 2389; x_wconf 91' lang='lat' dir='ltr'>non</span> <span class='ocrx_word' id='word_1_176' title='bbox 1176 2327 1224 2390; x_wconf 89' lang='lat' dir='ltr'>ita</span> <span class='ocrx_word' id='word_1_177' title='bbox 1239 2325 1354 2408; x_wconf 90' lang='lat' dir='ltr'>liquet,</span> <span class='ocrx_word' id='word_1_178' title='bbox 1378 2330 1418 2386; x_wconf 95' lang='lat' dir='ltr'>ut</span> 
     </span>
     <span class='ocr_line' id='line_1_19' title="bbox 132 2442 1416 2529; baseline -0.002 -20"><span class='ocrx_word' id='word_1_179' title='bbox 132 2445 273 2509; x_wconf 88' lang='lat' dir='ltr'>fidenter</span> <span class='ocrx_word' id='word_1_180' title='bbox 294 2447 480 2524; x_wconf 88' lang='lat' dir='ltr'>Platonem,</span> <span class='ocrx_word' id='word_1_181' title='bbox 505 2468 578 2508; x_wconf 92' lang='lat' dir='ltr'>cum</span> <span class='ocrx_word' id='word_1_182' title='bbox 600 2447 700 2509; x_wconf 88' lang='lat' dir='ltr'>verba</span> <span class='ocrx_word' id='word_1_183' title='bbox 722 2445 949 2529; x_wconf 89' lang='lat' dir='ltr'>supraposita</span> <span class='ocrx_word' id='word_1_184' title='bbox 972 2445 1149 2528; x_wconf 89' lang='lat' dir='ltr'>scripserit,</span> <span class='ocrx_word' id='word_1_185' title='bbox 1174 2467 1211 2508; x_wconf 88' lang='lat' dir='ltr'>ea</span> <span class='ocrx_word' id='word_1_186' title='bbox 1232 2442 1416 2526; x_wconf 86' lang='lat' dir='ltr'>respexisse</span> 
     </span>
     <span class='ocr_line' id='line_1_20' title="bbox 133 2561 1484 2648; baseline -0.004 -19"><span class='ocrx_word' id='word_1_187' title='bbox 133 2565 322 2629; x_wconf 91' lang='lat' dir='ltr'>infitiemur.</span> <span class='ocrx_word' id='word_1_188' title='bbox 347 2566 418 2628; x_wconf 87' lang='lat' dir='ltr'>imo</span> <span class='ocrx_word' id='word_1_189' title='bbox 434 2565 463 2626; x_wconf 90' lang='lat' dir='ltr'>si</span> <span class='ocrx_word' id='word_1_190' title='bbox 478 2571 603 2628; x_wconf 90' lang='lat' dir='ltr'>certum</span> <span class='ocrx_word' id='word_1_191' title='bbox 614 2573 675 2641; x_wconf 89' lang='lat' dir='ltr'>est,</span> <span class='ocrx_word' id='word_1_192' title='bbox 694 2565 970 2648; x_wconf 86' lang='lat' dir='ltr'>quodProculus³</span> <span class='ocrx_word' id='word_1_193' title='bbox 988 2564 1101 2641; x_wconf 85' lang='lat' dir='ltr'>tradit,</span> <span class='ocrx_word' id='word_1_194' title='bbox 1118 2564 1182 2626; x_wconf 88' lang='lat' dir='ltr'>iam</span> <span class='ocrx_word' id='word_1_195' title='bbox 1193 2561 1416 2639; x_wconf 85' lang='lat' dir='ltr'>Hellanicum,</span> <span class='ocrx_word' id='word_1_196' title='bbox 1482 2612 1484 2616; x_wconf 92' lang='lat'>.</span> 
     </span>
     <span class='ocr_line' id='line_1_21' title="bbox 133 2679 1416 2768; baseline -0.005 -20"><span class='ocrx_word' id='word_1_197' title='bbox 133 2685 331 2763; x_wconf 90' lang='lat' dir='ltr'>Damasten,</span> <span class='ocrx_word' id='word_1_198' title='bbox 360 2684 605 2767; x_wconf 69' lang='lat' dir='ltr'>Pherecydem4</span> <span class='ocrx_word' id='word_1_199' title='bbox 639 2684 800 2748; x_wconf 88' lang='lat' dir='ltr'>eiusmodi</span> <span class='ocrx_word' id='word_1_200' title='bbox 825 2684 949 2768; x_wconf 88' lang='lat' dir='ltr'>Orphei</span> <span class='ocrx_word' id='word_1_201' title='bbox 979 2690 1013 2747; x_wconf 92' lang='lat' dir='ltr'>et</span> <span class='ocrx_word' id='word_1_202' title='bbox 1036 2682 1174 2746; x_wconf 91' lang='lat' dir='ltr'>Hesiodi</span> <span class='ocrx_word' id='word_1_203' title='bbox 1203 2679 1416 2765; x_wconf 83' lang='lat' dir='ltr'>genealogias</span> 
     </span>
     <span class='ocr_line' id='line_1_22' title="bbox 134 2800 1417 2888; baseline -0.005 -21"><span class='ocrx_word' id='word_1_204' title='bbox 134 2804 326 2888; x_wconf 89' lang='lat' dir='ltr'>protulisse,</span> <span class='ocrx_word' id='word_1_205' title='bbox 348 2841 381 2850; x_wconf 92' lang='lat'>—</span> <span class='ocrx_word' id='word_1_206' title='bbox 401 2802 435 2866; x_wconf 93' lang='lat' dir='ltr'>id</span> <span class='ocrx_word' id='word_1_207' title='bbox 451 2804 539 2886; x_wconf 91' lang='lat' dir='ltr'>quod</span> <span class='ocrx_word' id='word_1_208' title='bbox 555 2802 678 2885; x_wconf 90' lang='lat' dir='ltr'>optime</span> <span class='ocrx_word' id='word_1_209' title='bbox 696 2825 769 2867; x_wconf 92' lang='lat' dir='ltr'>cum</span> <span class='ocrx_word' id='word_1_210' title='bbox 786 2803 942 2866; x_wconf 89' lang='lat' dir='ltr'>historiae</span> <span class='ocrx_word' id='word_1_211' title='bbox 958 2802 1013 2867; x_wconf 85' lang='lat' dir='ltr'>vix</span> <span class='ocrx_word' id='word_1_212' title='bbox 1028 2801 1114 2865; x_wconf 90' lang='lat' dir='ltr'>nidis</span> <span class='ocrx_word' id='word_1_213' title='bbox 1135 2823 1286 2884; x_wconf 84' lang='lat' dir='ltr'>egressae</span> <span class='ocrx_word' id='word_1_214' title='bbox 1306 2800 1417 2863; x_wconf 91' lang='lat' dir='ltr'>indole</span> 
     </span>
     <span class='ocr_line' id='line_1_23' title="bbox 134 2921 1417 3006; baseline -0.002 -19"><span class='ocrx_word' id='word_1_215' title='bbox 134 2923 344 3005; x_wconf 89' lang='lat' dir='ltr'>moribusque</span> <span class='ocrx_word' id='word_1_216' title='bbox 371 2921 543 2986; x_wconf 87' lang='lat' dir='ltr'>convenire</span> <span class='ocrx_word' id='word_1_217' title='bbox 568 2923 734 3004; x_wconf 89' lang='lat' dir='ltr'>praeclare</span> <span class='ocrx_word' id='word_1_218' title='bbox 759 2922 828 3006; x_wconf 90' lang='lat' dir='ltr'>ipse</span> <span class='ocrx_word' id='word_1_219' title='bbox 852 2922 1041 2986; x_wconf 86' lang='lat' dir='ltr'>Lobeckius</span> <span class='ocrx_word' id='word_1_220' title='bbox 1067 2923 1165 2984; x_wconf 90' lang='lat' dir='ltr'>docet</span> <span class='ocrx_word' id='word_1_221' title='bbox 1191 2924 1234 3004; x_wconf 88' lang='lat' dir='ltr'>(p.</span> <span class='ocrx_word' id='word_1_222' title='bbox 1260 2922 1349 3003; x_wconf 72' lang='lat'>326),</span> <span class='ocrx_word' id='word_1_223' title='bbox 1375 2955 1417 2965; x_wconf 91' lang='lat'>-</span> 
     </span>
     <span class='ocr_line' id='line_1_24' title="bbox 134 3037 1418 3125; baseline -0.005 -20"><span class='ocrx_word' id='word_1_224' title='bbox 134 3042 216 3106; x_wconf 90' lang='lat' dir='ltr'>nihil</span> <span class='ocrx_word' id='word_1_225' title='bbox 239 3042 374 3105; x_wconf 88' lang='lat' dir='ltr'>molesti</span> <span class='ocrx_word' id='word_1_226' title='bbox 395 3042 586 3125; x_wconf 87' lang='lat' dir='ltr'>conjectura</span> <span class='ocrx_word' id='word_1_227' title='bbox 606 3043 723 3119; x_wconf 87' lang='lat' dir='ltr'>habet,</span> <span class='ocrx_word' id='word_1_228' title='bbox 750 3041 850 3105; x_wconf 84' lang='lat' dir='ltr'>etiarn</span> <span class='ocrx_word' id='word_1_229' title='bbox 872 3041 906 3105; x_wconf 92' lang='lat' dir='ltr'>in</span> <span class='ocrx_word' id='word_1_230' title='bbox 927 3040 1077 3104; x_wconf 87' lang='lat' dir='ltr'>Platonis</span> <span class='ocrx_word' id='word_1_231' title='bbox 1102 3063 1218 3103; x_wconf 87' lang='lat' dir='ltr'>manus</span> <span class='ocrx_word' id='word_1_232' title='bbox 1239 3040 1307 3102; x_wconf 90' lang='lat' dir='ltr'>tale</span> <span class='ocrx_word' id='word_1_233' title='bbox 1330 3037 1418 3120; x_wconf 91' lang='lat' dir='ltr'>quod</span> 
     </span>
     <span class='ocr_line' id='line_1_25' title="bbox 134 3157 1418 3243; baseline -0.005 -17"><span class='ocrx_word' id='word_1_234' title='bbox 134 3170 275 3226; x_wconf 84' lang='lat' dir='ltr'>stemma</span> <span class='ocrx_word' id='word_1_235' title='bbox 296 3160 460 3239; x_wconf 85' lang='lat' dir='ltr'>incidisse,</span> <span class='ocrx_word' id='word_1_236' title='bbox 485 3184 548 3243; x_wconf 90' lang='lat' dir='ltr'>quo</span> <span class='ocrx_word' id='word_1_237' title='bbox 569 3160 734 3225; x_wconf 90' lang='lat' dir='ltr'>Hesiodus</span> <span class='ocrx_word' id='word_1_238' title='bbox 757 3162 798 3224; x_wconf 89' lang='lat' dir='ltr'>ab</span> <span class='ocrx_word' id='word_1_239' title='bbox 815 3161 960 3243; x_wconf 90' lang='lat' dir='ltr'>Orphe0,</span> <span class='ocrx_word' id='word_1_240' title='bbox 986 3161 1138 3242; x_wconf 89' lang='lat' dir='ltr'>Orpheus</span> <span class='ocrx_word' id='word_1_241' title='bbox 1161 3161 1201 3223; x_wconf 87' lang='lat' dir='ltr'>ab</span> <span class='ocrx_word' id='word_1_242' title='bbox 1224 3157 1333 3241; x_wconf 89' lang='lat' dir='ltr'>aliquo</span> <span class='ocrx_word' id='word_1_243' title='bbox 1356 3158 1418 3221; x_wconf 90' lang='lat' dir='ltr'>deo</span> 
     </span>
     <span class='ocr_line' id='line_1_26' title="bbox 135 3276 1418 3364; baseline -0.005 -20"><span class='ocrx_word' id='word_1_244' title='bbox 135 3281 302 3345; x_wconf 87' lang='lat' dir='ltr'>derivatus</span> <span class='ocrx_word' id='word_1_245' title='bbox 313 3279 423 3344; x_wconf 84' lang='lat' dir='ltr'>fuerit.</span> <span class='ocrx_word' id='word_1_246' title='bbox 440 3280 741 3363; x_wconf 88' lang='lat' dir='ltr'>itaquePlatonem</span> <span class='ocrx_word' id='word_1_247' title='bbox 751 3279 817 3342; x_wconf 89' lang='lat' dir='ltr'>illis</span> <span class='ocrx_word' id='word_1_248' title='bbox 827 3289 900 3348; x_wconf 72' lang='grc' dir='ltr'>θεῶν</span> <span class='ocrx_word' id='word_1_249' title='bbox 908 3288 1021 3364; x_wconf 77' lang='grc' dir='ltr'>ἐκγόνοις</span> <span class='ocrx_word' id='word_1_250' title='bbox 1029 3280 1120 3342; x_wconf 91' lang='lat' dir='ltr'>nullo</span> <span class='ocrx_word' id='word_1_251' title='bbox 1131 3276 1418 3341; x_wconf 90' lang='lat' dir='ltr'>modoHesiodum</span> 
     </span>
     <span class='ocr_line' id='line_1_27' title="bbox 135 3398 1419 3480; baseline -0.005 -16"><span class='ocrx_word' id='word_1_252' title='bbox 135 3401 292 3464; x_wconf 87' lang='lat' dir='ltr'>denotare</span> <span class='ocrx_word' id='word_1_253' title='bbox 307 3400 451 3464; x_wconf 87' lang='lat' dir='ltr'>voluisse</span> <span class='ocrx_word' id='word_1_254' title='bbox 467 3423 533 3463; x_wconf 91' lang='lat' dir='ltr'>non</span> <span class='ocrx_word' id='word_1_255' title='bbox 549 3401 653 3463; x_wconf 89' lang='lat' dir='ltr'>audeo</span> <span class='ocrx_word' id='word_1_256' title='bbox 671 3399 790 3463; x_wconf 89' lang='lat' dir='ltr'>dicere.</span> <span class='ocrx_word' id='word_1_257' title='bbox 823 3398 889 3462; x_wconf 87' lang='lat' dir='ltr'>Sed</span> <span class='ocrx_word' id='word_1_258' title='bbox 904 3405 1017 3462; x_wconf 87' lang='lat' dir='ltr'>tamen</span> <span class='ocrx_word' id='word_1_259' title='bbox 1032 3400 1138 3461; x_wconf 90' lang='lat' dir='ltr'>multa</span> <span class='ocrx_word' id='word_1_260' title='bbox 1154 3405 1241 3476; x_wconf 90' lang='lat' dir='ltr'>sunt,</span> <span class='ocrx_word' id='word_1_261' title='bbox 1260 3418 1342 3480; x_wconf 89' lang='lat' dir='ltr'>quae</span> <span class='ocrx_word' id='word_1_262' title='bbox 1357 3418 1419 3459; x_wconf 87' lang='lat' dir='ltr'>nos</span> 
     </span>
    </p>
   </div>
   <div class='ocr_carea' id='block_1_5' title="bbox 135 3601 1420 4445">
    <p class='ocr_par' dir='ltr' id='par_1_5' title="bbox 135 3601 1420 4021">
     <span class='ocr_line' id='line_1_28' title="bbox 205 3601 1417 3679; baseline -0.007 -21"><span class='ocrx_word' id='word_1_263' title='bbox 205 3605 214 3634; x_wconf 83' lang='lat'>¹</span> <span class='ocrx_word' id='word_1_264' title='bbox 233 3603 263 3658; x_wconf 83' lang='lat' dir='ltr'>E.</span> <span class='ocrx_word' id='word_1_265' title='bbox 277 3625 303 3658; x_wconf 78' lang='lat' dir='ltr'>a.</span> <span class='ocrx_word' id='word_1_266' title='bbox 316 3601 342 3679; x_wconf 77' lang='grc' dir='ltr'>ἡ.</span> <span class='ocrx_word' id='word_1_267' title='bbox 361 3622 385 3655; x_wconf 84' lang='lat' dir='ltr'>v.</span> <span class='ocrx_word' id='word_1_268' title='bbox 400 3612 447 3655; x_wconf 87' lang='grc'>631</span> <span class='ocrx_word' id='word_1_269' title='bbox 462 3622 501 3670; x_wconf 91' lang='lat' dir='ltr'>sq.</span> <span class='ocrx_word' id='word_1_270' title='bbox 526 3607 663 3656; x_wconf 84' lang='lat' dir='ltr'>Mortalem</span> <span class='ocrx_word' id='word_1_271' title='bbox 679 3606 759 3655; x_wconf 88' lang='lat' dir='ltr'>fuisse</span> <span class='ocrx_word' id='word_1_272' title='bbox 772 3605 880 3655; x_wconf 86' lang='lat' dir='ltr'>Hesiodi</span> <span class='ocrx_word' id='word_1_273' title='bbox 898 3613 1005 3668; x_wconf 87' lang='lat' dir='ltr'>patrem,</span> <span class='ocrx_word' id='word_1_274' title='bbox 1025 3621 1059 3654; x_wconf 84' lang='lat' dir='ltr'>ex</span> <span class='ocrx_word' id='word_1_275' title='bbox 1075 3605 1125 3653; x_wconf 90' lang='lat' dir='ltr'>boc</span> <span class='ocrx_word' id='word_1_276' title='bbox 1143 3605 1202 3654; x_wconf 86' lang='lat' dir='ltr'>loeo</span> <span class='ocrx_word' id='word_1_277' title='bbox 1220 3604 1321 3653; x_wconf 85' lang='lat' dir='ltr'>abunde</span> <span class='ocrx_word' id='word_1_278' title='bbox 1339 3609 1417 3666; x_wconf 85' lang='lat' dir='ltr'>patet.</span> 
     </span>
     <span class='ocr_line' id='line_1_29' title="bbox 136 3687 1418 3762; baseline -0.003 -22"><span class='ocrx_word' id='word_1_279' title='bbox 136 3690 212 3751; x_wconf 85' lang='lat' dir='ltr'>Quod</span> <span class='ocrx_word' id='word_1_280' title='bbox 231 3699 315 3742; x_wconf 85' lang='lat' dir='ltr'>autem</span> <span class='ocrx_word' id='word_1_281' title='bbox 334 3707 427 3762; x_wconf 65' lang='lat' dir='ltr'>nomen</span> <span class='ocrx_word' id='word_1_282' title='bbox 440 3692 465 3741; x_wconf 92' lang='lat' dir='ltr'>ei</span> <span class='ocrx_word' id='word_1_283' title='bbox 477 3692 562 3752; x_wconf 85' lang='lat' dir='ltr'>fuerit,</span> <span class='ocrx_word' id='word_1_284' title='bbox 582 3699 667 3741; x_wconf 87' lang='lat' dir='ltr'>utrum</span> <span class='ocrx_word' id='word_1_285' title='bbox 678 3707 705 3740; x_wconf 91' lang='lat' dir='ltr'>re</span> <span class='ocrx_word' id='word_1_286' title='bbox 718 3707 778 3740; x_wconf 85' lang='lat' dir='ltr'>vera</span> <span class='ocrx_word' id='word_1_287' title='bbox 789 3691 855 3740; x_wconf 88' lang='lat' dir='ltr'>Dius</span> <span class='ocrx_word' id='word_1_288' title='bbox 874 3699 978 3740; x_wconf 84' lang='lat' dir='ltr'>vocatus</span> <span class='ocrx_word' id='word_1_289' title='bbox 991 3692 1024 3739; x_wconf 87' lang='lat' dir='ltr'>sit</span> <span class='ocrx_word' id='word_1_290' title='bbox 1040 3690 1111 3755; x_wconf 87' lang='lat' dir='ltr'>(nam</span> <span class='ocrx_word' id='word_1_291' title='bbox 1129 3690 1309 3738; x_wconf 87' lang='lat' dir='ltr'>nonnullorum</span> <span class='ocrx_word' id='word_1_292' title='bbox 1323 3687 1418 3737; x_wconf 84' lang='lat' dir='ltr'>Suidae</span> 
     </span>
     <span class='ocr_line' id='line_1_30' title="bbox 135 3767 1420 3846; baseline -0.002 -20"><span class='ocrx_word' id='word_1_293' title='bbox 135 3778 254 3827; x_wconf 85' lang='lat' dir='ltr'>codicum</span> <span class='ocrx_word' id='word_1_294' title='bbox 277 3778 414 3827; x_wconf 76' lang='lat' dir='ltr'>lectionem</span> <span class='ocrx_word' id='word_1_295' title='bbox 437 3775 628 3846; x_wconf 83' lang='grc' dir='ltr'>γενεαλογεῖται</span> <span class='ocrx_word' id='word_1_296' title='bbox 647 3773 712 3826; x_wconf 73' lang='grc' dir='ltr'>εἶναι</span> <span class='ocrx_word' id='word_1_297' title='bbox 733 3780 779 3826; x_wconf 82' lang='grc' dir='ltr'>τοῦ</span> <span class='ocrx_word' id='word_1_298' title='bbox 797 3769 855 3831; x_wconf 86' lang='grc' dir='ltr'>Διὸς</span> <span class='ocrx_word' id='word_1_299' title='bbox 876 3777 928 3824; x_wconf 84' lang='lat' dir='ltr'>iam</span> <span class='ocrx_word' id='word_1_300' title='bbox 946 3775 1165 3824; x_wconf 83' lang='lat' dir='ltr'>Ruhnkenius</span> <span class='ocrx_word' id='word_1_301' title='bbox 1189 3775 1295 3824; x_wconf 81' lang='lat' dir='ltr'>mutavit</span> <span class='ocrx_word' id='word_1_302' title='bbox 1312 3774 1340 3822; x_wconf 94' lang='lat' dir='ltr'>in</span> <span class='ocrx_word' id='word_1_303' title='bbox 1358 3767 1420 3823; x_wconf 82' lang='lat' dir='ltr'>hieu</span> 
     </span>
     <span class='ocr_line' id='line_1_31' title="bbox 136 3859 1419 3926; baseline -0.005 -14"><span class='ocrx_word' id='word_1_304' title='bbox 136 3864 169 3912; x_wconf 86' lang='lat' dir='ltr'>cf.</span> <span class='ocrx_word' id='word_1_305' title='bbox 190 3862 262 3912; x_wconf 84' lang='lat' dir='ltr'>Suid.</span> <span class='ocrx_word' id='word_1_306' title='bbox 283 3866 323 3913; x_wconf 83' lang='lat' dir='ltr'>ed.</span> <span class='ocrx_word' id='word_1_307' title='bbox 337 3867 434 3913; x_wconf 78' lang='lat' dir='ltr'>Berah.</span> <span class='ocrx_word' id='word_1_308' title='bbox 453 3879 473 3912; x_wconf 90' lang='lat' dir='ltr'>s.</span> <span class='ocrx_word' id='word_1_309' title='bbox 487 3864 523 3926; x_wconf 89' lang='lat' dir='ltr'>v.)</span> <span class='ocrx_word' id='word_1_310' title='bbox 543 3878 576 3911; x_wconf 85' lang='lat' dir='ltr'>an</span> <span class='ocrx_word' id='word_1_311' title='bbox 595 3877 653 3911; x_wconf 89' lang='lat' dir='ltr'>eum</span> <span class='ocrx_word' id='word_1_312' title='bbox 670 3862 857 3923; x_wconf 88' lang='lat' dir='ltr'>Lobeekio,</span> <span class='ocrx_word' id='word_1_313' title='bbox 878 3863 940 3926; x_wconf 71' lang='lat' dir='ltr'>Api.</span> <span class='ocrx_word' id='word_1_314' title='bbox 957 3879 987 3925; x_wconf 81' lang='lat' dir='ltr'>p.</span> <span class='ocrx_word' id='word_1_315' title='bbox 1002 3865 1061 3921; x_wconf 82' lang='grc'><strong>326,</strong></span> <span class='ocrx_word' id='word_1_316' title='bbox 1080 3860 1130 3909; x_wconf 88' lang='lat' dir='ltr'>hoo</span> <span class='ocrx_word' id='word_1_317' title='bbox 1148 3875 1243 3909; x_wconf 90' lang='lat' dir='ltr'>nomen</span> <span class='ocrx_word' id='word_1_318' title='bbox 1261 3874 1294 3908; x_wconf 89' lang='lat' dir='ltr'>ex</span> <span class='ocrx_word' id='word_1_319' title='bbox 1312 3859 1419 3907; x_wconf 86' lang='lat' dir='ltr'>Hesiodi</span> 
     </span>
     <span class='ocr_line' id='line_1_32' title="bbox 135 3944 1262 4021; baseline -0.003 -24"><span class='ocrx_word' id='word_1_320' title='bbox 135 3963 210 3998; x_wconf 79' lang='lat' dir='ltr'>versu</span> <span class='ocrx_word' id='word_1_321' title='bbox 229 3947 250 4000; x_wconf 83' lang='grc' dir='ltr'>ἐ.</span> <span class='ocrx_word' id='word_1_322' title='bbox 270 3967 295 3999; x_wconf 79' lang='grc' dir='ltr'>ν.</span> <span class='ocrx_word' id='word_1_323' title='bbox 315 3944 342 4021; x_wconf 85' lang='lat' dir='ltr'>⁷l·</span> <span class='ocrx_word' id='word_1_324' title='bbox 361 3965 384 3997; x_wconf 91' lang='lat' dir='ltr'>v.</span> <span class='ocrx_word' id='word_1_325' title='bbox 405 3953 454 3998; x_wconf 83' lang='grc'>297</span> <span class='ocrx_word' id='word_1_326' title='bbox 474 3956 558 3997; x_wconf 82' lang='lat' dir='ltr'>ortum</span> <span class='ocrx_word' id='word_1_327' title='bbox 577 3963 632 3998; x_wconf 85' lang='lat' dir='ltr'>esse</span> <span class='ocrx_word' id='word_1_328' title='bbox 651 3949 792 4012; x_wconf 79' lang='lat' dir='ltr'>putandum</span> <span class='ocrx_word' id='word_1_329' title='bbox 811 3948 853 4007; x_wconf 82' lang='lat' dir='ltr'>sit,</span> <span class='ocrx_word' id='word_1_330' title='bbox 873 3961 940 3995; x_wconf 91' lang='lat' dir='ltr'>nunc</span> <span class='ocrx_word' id='word_1_331' title='bbox 959 3954 1047 3996; x_wconf 82' lang='lat' dir='ltr'>nostra</span> <span class='ocrx_word' id='word_1_332' title='bbox 1064 3947 1129 3996; x_wconf 85' lang='lat' dir='ltr'>nihil</span> <span class='ocrx_word' id='word_1_333' title='bbox 1148 3947 1262 3996; x_wconf 83' lang='lat' dir='ltr'>interest.</span> 
     </span>
    </p>

    <p class='ocr_par' dir='ltr' id='par_1_6' title="bbox 205 4024 829 4101">
     <span class='ocr_line' id='line_1_33' title="bbox 205 4024 829 4101; baseline 0.002 -17"><span class='ocrx_word' id='word_1_334' title='bbox 205 4032 215 4064; x_wconf 77' lang='lat'>²</span> <span class='ocrx_word' id='word_1_335' title='bbox 233 4037 274 4085; x_wconf 91' lang='lat' dir='ltr'>De</span> <span class='ocrx_word' id='word_1_336' title='bbox 292 4037 332 4086; x_wconf 83' lang='lat' dir='ltr'>his</span> <span class='ocrx_word' id='word_1_337' title='bbox 351 4036 527 4086; x_wconf 84' lang='lat' dir='ltr'>stemmatibus</span> <span class='ocrx_word' id='word_1_338' title='bbox 546 4024 579 4084; x_wconf 79' lang='lat' dir='ltr'>es.</span> <span class='ocrx_word' id='word_1_339' title='bbox 600 4036 663 4101; x_wconf 72' lang='lat' dir='ltr'>Api.</span> <span class='ocrx_word' id='word_1_340' title='bbox 681 4054 709 4101; x_wconf 80' lang='lat' dir='ltr'>p.</span> <span class='ocrx_word' id='word_1_341' title='bbox 729 4040 778 4083; x_wconf 90' lang='grc'>322</span> <span class='ocrx_word' id='word_1_342' title='bbox 791 4052 829 4100; x_wconf 76' lang='lat' dir='ltr'>aq.</span> 
     </span>
    </p>

    <p class='ocr_par' dir='ltr' id='par_1_7' title="bbox 205 4117 423 4187">
     <span class='ocr_line' id='line_1_34' title="bbox 205 4117 423 4187; baseline -0.009 -16"><span class='ocrx_word' id='word_1_343' title='bbox 205 4117 297 4186; x_wconf 62' lang='grc' dir='ltr'>8Αγι.</span> <span class='ocrx_word' id='word_1_344' title='bbox 314 4141 344 4187; x_wconf 76' lang='lat' dir='ltr'>p.</span> <span class='ocrx_word' id='word_1_345' title='bbox 365 4127 423 4170; x_wconf 75' lang='grc' dir='ltr'>ονε.</span> 
     </span>
    </p>

    <p class='ocr_par' dir='ltr' id='par_1_8' title="bbox 135 4201 1420 4445">
     <span class='ocr_line' id='line_1_35' title="bbox 204 4201 1420 4271; baseline -0.005 -16"><span class='ocrx_word' id='word_1_346' title='bbox 204 4207 421 4256; x_wconf 81' lang='lat' dir='ltr'>⁴Lobeckius</span> <span class='ocrx_word' id='word_1_347' title='bbox 441 4208 472 4270; x_wconf 84' lang='lat' dir='ltr'>(l.</span> <span class='ocrx_word' id='word_1_348' title='bbox 493 4226 514 4257; x_wconf 80' lang='grc' dir='ltr'>ο.</span> <span class='ocrx_word' id='word_1_349' title='bbox 532 4225 561 4271; x_wconf 79' lang='lat' dir='ltr'>p.</span> <span class='ocrx_word' id='word_1_350' title='bbox 582 4207 644 4270; x_wconf 78' lang='lat'><strong>324)</strong></span> <span class='ocrx_word' id='word_1_351' title='bbox 669 4207 718 4256; x_wconf 63' lang='lat' dir='ltr'>aits</span> <span class='ocrx_word' id='word_1_352' title='bbox 741 4206 915 4270; x_wconf 80' lang='lat' dir='ltr'>Pherecydem</span> <span class='ocrx_word' id='word_1_353' title='bbox 939 4205 1046 4254; x_wconf 85' lang='lat' dir='ltr'>Hesiodi</span> <span class='ocrx_word' id='word_1_354' title='bbox 1069 4219 1150 4267; x_wconf 83' lang='lat' dir='ltr'>genus</span> <span class='ocrx_word' id='word_1_355' title='bbox 1173 4203 1204 4252; x_wconf 83' lang='lat' dir='ltr'>sb</span> <span class='ocrx_word' id='word_1_356' title='bbox 1224 4201 1328 4265; x_wconf 90' lang='lat' dir='ltr'>Orpheo</span> <span class='ocrx_word' id='word_1_357' title='bbox 1353 4201 1420 4250; x_wconf 89' lang='lat' dir='ltr'>deri-</span> 
     </span>
     <span class='ocr_line' id='line_1_36' title="bbox 135 4287 1419 4356; baseline -0.005 -16"><span class='ocrx_word' id='word_1_358' title='bbox 135 4306 209 4342; x_wconf 85' lang='lat' dir='ltr'>vasse</span> <span class='ocrx_word' id='word_1_359' title='bbox 228 4307 261 4341; x_wconf 87' lang='lat' dir='ltr'>ex</span> <span class='ocrx_word' id='word_1_360' title='bbox 279 4292 331 4340; x_wconf 86' lang='lat' dir='ltr'>alio</span> <span class='ocrx_word' id='word_1_361' title='bbox 350 4306 451 4354; x_wconf 90' lang='lat' dir='ltr'>quoque</span> <span class='ocrx_word' id='word_1_362' title='bbox 470 4293 528 4341; x_wconf 87' lang='lat' dir='ltr'>loco</span> <span class='ocrx_word' id='word_1_363' title='bbox 546 4300 623 4356; x_wconf 83' lang='lat' dir='ltr'>patet,</span> <span class='ocrx_word' id='word_1_364' title='bbox 643 4309 667 4342; x_wconf 86' lang='lat' dir='ltr'>v.</span> <span class='ocrx_word' id='word_1_365' title='bbox 688 4293 770 4342; x_wconf 74' lang='lat' dir='ltr'>Stura.</span> <span class='ocrx_word' id='word_1_366' title='bbox 790 4308 816 4355; x_wconf 92' lang='lat' dir='ltr'>p.</span> <span class='ocrx_word' id='word_1_367' title='bbox 837 4297 893 4341; x_wconf 88' lang='lat'>103.</span> <span class='ocrx_word' id='word_1_368' title='bbox 915 4319 945 4328; x_wconf 91' lang='lat'><em>-</em></span> <span class='ocrx_word' id='word_1_369' title='bbox 964 4291 1092 4353; x_wconf 82' lang='lat' dir='ltr'>Equidem</span> <span class='ocrx_word' id='word_1_370' title='bbox 1110 4289 1172 4337; x_wconf 90' lang='lat' dir='ltr'>nihil</span> <span class='ocrx_word' id='word_1_371' title='bbox 1191 4289 1318 4338; x_wconf 87' lang='lat' dir='ltr'>eiusmodi</span> <span class='ocrx_word' id='word_1_372' title='bbox 1336 4287 1419 4350; x_wconf 90' lang='lat' dir='ltr'>reperi</span> 
     </span>
     <span class='ocr_line' id='line_1_37' title="bbox 136 4375 1101 4445; baseline -0.002 -17"><span class='ocrx_word' id='word_1_373' title='bbox 136 4379 205 4443; x_wconf 85' lang='lat' dir='ltr'>apud</span> <span class='ocrx_word' id='word_1_374' title='bbox 224 4377 403 4439; x_wconf 84' lang='lat' dir='ltr'>Sturzium‚</span> <span class='ocrx_word' id='word_1_375' title='bbox 422 4381 576 4445; x_wconf 73' lang='lat' dir='ltr'>Pherecydis</span> <span class='ocrx_word' id='word_1_376' title='bbox 585 4383 739 4445; x_wconf 66' lang='lat' dir='ltr'>frapmenia</span> <span class='ocrx_word' id='word_1_377' title='bbox 757 4379 808 4445; x_wconf 90' lang='lat' dir='ltr'>(ed.</span> <span class='ocrx_word' id='word_1_378' title='bbox 829 4379 873 4438; x_wconf 84' lang='lat' dir='ltr'>alt,</span> <span class='ocrx_word' id='word_1_379' title='bbox 887 4379 993 4442; x_wconf 65' lang='lat' dir='ltr'>Lipsiae</span> <span class='ocrx_word' id='word_1_380' title='bbox 1013 4375 1101 4439; x_wconf 83' lang='lat'>1824).</span> 
     </span>
    </p>
   </div>
   <div class='ocr_carea' id='block_1_6' title="bbox 0 0 1532 4988">
    <p class='ocr_par' dir='ltr' id='par_1_9' title="bbox 0 0 1532 4988">
     <span class='ocr_line' id='line_1_38' title="bbox 0 0 1532 4988; baseline 0 0"><span class='ocrx_word' id='word_1_381' title='bbox 0 0 1532 4988; x_wconf 95' lang='lat' dir='ltr'> </span> 
     </span>
    </p>
   </div>
  </div>
 </body>
</html>
