3038 4988
729 192 770 252 13

666 278 836 286 —-—

110 391 213 469 Jovis,
231 391 373 455 filiorum
382 393 402 454 J
405 391 486 455 ovis.
511 391 666 455 Profecto
677 392 818 475 simplex
834 399 867 455 et
878 392 918 455 ab
936 392 1182 475 antiquissimae
1194 393 1393 457 Graecorum

109 511 336 596 mythologiae
361 518 475 574 tenore
497 533 563 574 non
586 510 693 574 aliena
714 511 898 593 dispositio.
946 511 1055 574 Quam
1077 533 1138 595 ego
1162 533 1199 575 eo
1224 512 1394 577 lubentius

108 637 232 694 rectam
259 637 293 693 et
315 630 474 694 sinceram
500 652 571 693 0000
594 630 802 708 crediderim,
830 652 893 712 quo
915 629 1045 693 facilius
1070 630 1117 694 ita
1140 631 1241 694 ceteri
1265 653 1395 714 quoque

109 749 258 812 Platonis
276 750 316 812 de
328 750 460 833 Orpheo
477 749 543 812 loci
560 749 716 832 explicari
727 755 876 831 possunt.
903 748 992 811 Quid
1004 748 1100 826 enim,
1119 749 1147 811 si
1162 751 1393 814 celeberrimus

109 868 521 932 11101010110101111101101
540 891 558 931 a
575 870 710 931 Socrate
726 867 855 931 iamiam
872 874 1063 950 perorat-uro
1080 875 1272 951 usurpatus:

409 988 471 1061 ἕκτῃ
491 985 511 1040 δ’
531 989 557 1040 ἐν
576 993 651 1058 γενεᾷ
668 989 851 1040 καταπαύσατε
869 987 964 1056 κόσμον
984 987 1072 1058 ἀοιδῆς

109 1113 175 1153 non
183 1112 224 1152 ex
231 1089 294 1152 alio
304 1090 444 1172 quodam
453 1091 592 1153 obscuro
602 1088 726 1171 Orphei
733 1088 817 1152 libro
825 1088 930 1152 veluti
938 1111 978 1152 ex
986 1088 1160 1151 Catabasi²
1172 1096 1321 1172 sumptus
1331 1097 1394 1168 est,

110 1210 167 1272 sed
179 1231 218 1272 ex
230 1209 344 1272 eadem
351 1209 553 1291 Theogonia,
563 1231 661 1292 quam
671 1208 800 1291 saepius
812 1207 930 1270 citasse
940 1209 1114 1271 Platonem
1125 1209 1223 1271 modo
1234 1208 1394 1272 vidimus?

110 1328 208 1391 Certe
229 1327 351 1406 nescio,
376 1328 540 1410 quomodo
556 1334 669 1410 poeta,
694 1349 768 1390 cum
784 1327 983 1390 enumeratis
1005 1326 1072 1389 illis
1095 1327 1236 1409 quinque
1259 1328 1394 1391 deornm

110 1446 266 1529 gentibus
292 1445 427 1509 carmini
449 1469 507 1509 suo
530 1445 730 1529 theogonico
756 1445 958 1528 hercogonia
980 1445 1117 1509 ommisa
1139 1446 1239 1509 finem
1260 1446 1394 1529 imposi-

108 1572 203 1628 turus
222 1572 320 1642 esset,
345 1565 454 1647 aptius
471 1572 505 1628 et
528 1565 713 1648 elegantius
729 1586 879 1648 perorare
901 1564 1047 1647 potuerit
1064 1588 1161 1647 quam
1182 1565 1249 1627 illis
1271 1565 1393 1644 verbis,

111 1685 227 1767 quibus
244 1686 358 1747 Musas
380 1685 414 1746 in
431 1685 626 1748 celebrando
649 1691 743 1747 sexto
760 1684 781 1746 1.
801 1705 829 1746 0.
854 1685 991 1746 heroum
1006 1706 1126 1766 genere
1149 1684 1328 1747 subsistere
1345 1684 1394 1747 iu-

109 1803 214 1866 beret.
242 1803 306 1866 Sed
324 1805 507 1886 oponitur,³
524 1810 698 1887 propterea
713 1825 778 1865 non
796 1803 835 1865 de
852 1802 957 1865 Musis
976 1803 1187 1886 cogitandum
1205 1825 1287 1881 0000,
1306 1804 1393 1885 quod

109 1929 227 2005 poetae
244 1944 298 1985 eas
309 1924 350 1985 ad
366 1923 601 2007 auspicandum
617 1921 747 2006 quidem
766 1927 897 1984 cantum
915 1920 1051 1984 incitare
1068 1923 1207 2000 soleant,
1226 1922 1267 1984 ad
1277 1922 1393 1986 finien-

110 2041 188 2103 dum
212 2064 278 2104 non
302 2041 394 2104 item.
441 2043 490 2104 At
513 2044 600 2104 hunc
625 2063 748 2103 morem
773 2047 842 2103 tam
868 2047 1017 2104 sanctum
1044 2047 1077 2103 et
1100 2041 1325 2104 inviolabilem
1350 2042 1392 2104 ab

111 2160 260 2223 omnibus
281 2161 388 2244 poetis
408 2161 559 2223 habitum
580 2181 662 2237 esse,
683 2167 722 2221 ut
736 2180 777 2221 ne
798 2181 882 2221 unus
904 2158 1035 2240 quidem
1056 2181 1131 2222 eum
1150 2159 1273 2223 violare
1293 2183 1393 2222 ausus

110 2279 164 2356 sit,
182 2279 246 2342 etsi
259 2301 376 2362 graves
393 2280 569 2342 suaderent
584 2278 739 2356 1111101100,
757 2277 813 2340 vix
824 2277 979 2340 credibile
996 2284 1058 2341 est.
1085 2279 1253 2361 Orpheum
1269 2287 1392 2356 autem,

111 2404 149 2460 ut
159 2400 244 2460 hanc
254 2398 539 2481 legemmigraret,
552 2397 707 2480 idopinor
718 2396 866 2473 adduxit,
880 2396 966 2478 quod
977 2403 1087 2478 spreto
1096 2397 1233 2460 Hesiodi
1244 2398 1396 2480 exemplo

110 2517 309 2599 theogoniae
326 2517 562 2600 heroogoniam
582 2516 701 2578 addere
718 2516 834 2579 nollet.
873 2515 971 2577 Quod
989 2514 1162 2579 discrimen
1178 2523 1216 2578 ut
1231 2518 1394 2579 lectorum

111 2635 213 2698 oculis
237 2660 333 2719 quam
354 2636 495 2699 maxime
519 2635 722 2712 obtruderet,
746 2633 886 2697 fortasse
909 2633 947 2696 iis
970 2634 1063 2711 locis,
1087 2635 1205 2716 quibus
1228 2634 1396 2698 Hesiodus

109 2755 267 2818 maiorum
290 2757 425 2819 deorum
443 2762 518 2818 ortu
539 2761 670 2818 narrato
689 2776 762 2817 cum
784 2752 993 2815 invocatione
1009 2744 1199 2815 Musarum4
1221 2753 1331 2837 pergit
1352 2753 1396 2816 ad

108 2894 228 2942 Titanum
251 2897 368 2955 consilio,
395 2895 511 2958 quamvis
535 2894 571 2941 ibi
596 2909 619 2941 v.
639 2898 697 2942 205.
725 2887 840 2963 Οὐρανοῦ
864 2910 893 2942 τε
911 2892 956 2943 καὶ
973 2889 1072 2948 Χθονὸς
1089 2891 1167 2942 τέκνα
1184 2900 1315 2953 vocentur,
1340 2907 1396 2941 non

108 2977 227 3044 Oceani).

177 3062 346 3130 1Ρ11101.μ
368 3070 398 3114 66
414 3067 441 3115 0.
466 3092 501 3102 -
518 3064 652 3113 Philebum
676 3079 778 3126 quoque
804 3062 1067 3113 Schaarschmidt
1086 3065 1104 3113 1.
1125 3082 1147 3112 0.
1162 3081 1192 3128 p.
1213 3066 1312 3127 atteq.
1334 3062 1393 3111 sub·

107 3151 222 3199 diticium
241 3166 297 3199 0000
315 3157 395 3213 putat.
432 3150 580 3199 Aristotelis
598 3149 684 3197 locum
701 3151 838 3198 11111110.
858 3150 893 3207 X,
912 3154 936 3209 2,
952 3167 981 3213 p.
1003 3149 1095 3198 1172b
1116 3154 1147 3196 28
1165 3163 1218 3197 uon
1237 3163 1269 3196 ex
1286 3149 1395 3197 Philebo

102 3253 132 3299 p.
152 3239 273 3300 22Asq.
293 3237 327 3283 cf.
348 3237 415 3284 600
437 3236 549 3294 ductum,
575 3234 619 3281 sed
642 3233 743 3281 Philebi
768 3240 898 3282 auctorem
921 3234 1070 3282 Aristotelis
1095 3234 1171 3282 verba
1196 3242 1312 3282 secutum
1334 3247 1391 3281 0000

105 3322 165 3369 vult.
202 3321 243 3368 Ad
270 3336 335 3382 quae
360 3322 477 3383 apposito
505 3321 636 3385 respondit
656 3320 789 3384 Georgii
817 3323 875 3370 loco
902 3323 953 3369 iam
981 3336 1058 3384 supra
1084 3321 1186 3370 laudato
1214 3330 1239 3370 et
1265 3321 1392 3380 Bonita,

105 3408 219 3465 Hermes,
243 3411 313 3468 1869,
334 3409 390 3465 ΙΙΙ,
409 3411 468 3457 117.

172 3487 183 3519 ²
201 3493 263 3556 aql.
280 3511 309 3556 p.
325 3497 382 3542 790.
404 3523 432 3530 -
454 3493 486 3542 0.
505 3493 660 3552 Mueller,
678 3493 862 3555 Proleycmenc
878 3509 909 3541 aa
927 3493 997 3541 einer
1014 3492 1270 3557 wissenschcstlt'clren
1288 3492 1392 3557 diptico·-

105 3578 171 3641 lopie
190 3578 340 3642 (6951111900
360 3579 453 3642 1825),
474 3597 504 3644 p.
525 3585 573 3628 385
598 3579 666 3628 hunc
690 3594 789 3627 versum
813 3580 844 3627 (10
868 3581 1010 3627 animarum
1035 3580 1185 3642 migratione
1213 3580 1308 3627 dictum
1332 3592 1387 3626 esse

103 3663 209 3726 putavit,
230 3678 340 3725 quocum
359 3665 486 3712 consentit
505 3663 669 3724 Gcrhard,
694 3665 774 3713 Ueter
795 3666 873 3728 Orph.
891 3682 919 3727 p.
942 3668 971 3710 65
992 3666 1025 3713 N.
1043 3670 1100 3712 109.

172 3744 233 3796 3Α.
252 3748 434 3810 Lobeckio‚
461 3752 523 3814 Apt.
540 3768 570 3816 p.
592 3752 649 3798 789.
686 3747 806 3798 Ceterum
834 3749 967 3797 Theocriti
994 3749 1100 3812 Thyrsis
1128 3749 1178 3812 (ld.
1203 3749 1225 3809 1,
1246 3747 1391 3812 64-143)

102 3833 187 3894 prima
205 3841 294 3882 cantus
313 3842 384 3896 parte
402 3835 451 3883 hoc
469 3836 549 3884 utitur
566 3850 640 3884 vcrso
659 3835 816 3884 intercalari:

361 3913 477 3990 ’Άρχετε
498 3916 650 3990 βώκολικᾶς,
670 3917 764 3974 Maroae
782 3919 862 3992 φίλαι,
882 3917 970 3992 appe?
990 3919 1086 3980 ἀοιδᾶς,

103 4003 183 4051 altero
200 4018 260 4053 vero
277 4012 349 4067 parte
367 4005 429 4053 hoc:

367 4085 468 4159 Λήγετε
489 4090 641 4160 βωκολικᾶς,
661 4087 756 4143 Maroni
773 4088 853 4162 φίλαι,
873 4087 959 4159 1ήγετ’
980 4090 1075 4146 ἀοιδᾶς.

169 4174 199 4222 Id
218 4175 286 4236 quod
305 4175 336 4222 ab
356 4176 399 4223 illo
418 4176 600 4227 antaradenae
619 4175 714 4244 κόσμον
733 4175 821 4244 ἀοιδῆς
840 4191 890 4225 non
908 4176 1017 4225 multum
1035 4177 1133 4226 videtur
1151 4176 1255 4224 distare.

169 4255 181 4285 4
201 4260 292 4323 Theop.
312 4278 336 4309 o.
357 4265 419 4308 965:
439 4266 482 4312 νῦν
502 4261 530 4312 δὲ
549 4258 635 4313 θεάων
653 4260 733 4332 φῦλον
752 4259 864 4319 deitate,
883 4260 1017 4329 ’ἡδυέπειαι

366 4341 468 4397 Μοῦσαι
483 4341 656 4414 Ὀλυμπιάδες
673 4345 731 4398 κτλ.
751 4347 809 4396 0011.
829 4362 853 4395 v.
876 4351 937 4395 1021
953 4361 991 4408 sq.
