3038 4988
672 202 843 334 „a-

114 448 206 506 rcete
225 439 395 524 intelligo,
417 440 622 523 Philoponus
643 439 677 503 in
693 439 887 503 Aristotelis
908 438 1000 503 libris
1023 440 1063 503 de
1081 439 1297 522 Philosophia
1317 440 1400 504 nihil

117 568 287 665 ppacterea
311 560 442 623 videtur
466 559 647 637 invenisse,
672 559 735 623 nisi
761 560 848 641 quod
875 558 1050 641 Stagirites
1076 559 1221 644 Orphica
1246 559 1399 638 carmina,

116 702 200 764 quae
212 679 314 762 vulgo
328 679 530 757 ferebantur,
546 679 587 742 ab
600 678 671 761 ipso
685 677 838 742 fabuloso
853 679 998 762 Orpheo,
1011 679 1067 760 qui
1080 701 1258 762 numquam
1271 678 1399 757 fuisset,

116 798 312 884 pernegavit
328 797 450 882 scripta
466 819 549 861 esse.
585 798 683 861 Quod
703 797 931 861 testimonium
952 797 1076 882 duplici
1096 799 1193 861 modo
1214 805 1327 881 potest
1348 820 1400 862 ac-

118 919 193 1002 cipi.
227 922 309 982 Aut
325 917 410 981 enim
427 917 628 980 Aristoteles
645 916 797 980 similiter
817 925 916 999 atque
932 916 1122 981 Herodotus
1140 918 1203 999 (II,
1222 920 1272 1001 53)
1294 917 1401 981 dicere

91 1029 93 1033 ἲ
116 1037 235 1116 voluit,
251 1037 344 1101 nulla
360 1045 490 1100 exstare
507 1045 570 1123 ἔπη,
584 1058 667 1119 quae
683 1036 724 1099 ab
739 1037 872 1119 Orpheo
889 1020 960 1119 ipso
977 1038 1011 1100 h.
1024 1059 1052 1100 e.
1067 1036 1125 1100 illo
1142 1044 1240 1120 poeta
1256 1037 1400 1100 celeber-

116 1157 198 1221 rimo
220 1163 255 1220 ct
277 1156 458 1219 secundum
473 1157 627 1238 vulgares
644 1155 814 1240 opiniones
834 1156 1013 1219 Homerum
1035 1163 1069 1219 et
1087 1154 1269 1219 Hesiodum
1292 1162 1401 1219 aetate

117 1276 223 1340 multo
246 1276 463 1339 antecedente
480 1275 664 1358 composita
679 1282 801 1339 essent.
835 1275 928 1338 Quae
945 1275 972 1337 si
993 1282 1064 1338 erat
1080 1274 1259 1352 sententia,
1282 1275 1401 1338 nihilo·

116 1394 225 1458 minus
253 1402 403 1457 veterum
428 1393 647 1476 Orphieorum
678 1393 821 1458 carmina
847 1394 933 1457 ‘bene
963 1393 993 1457 ei
1025 1394 1229 1476 distinguere
1259 1392 1354 1457 licuit
1383 1417 1402 1458 a

116 1502 278 1577 novorum
293 1512 510 1596 impostorum
526 1513 649 1577 libellis
666 1513 863 1578 subditioiis.
893 1515 976 1576 Aut
992 1513 1101 1576 omnia
1117 1513 1262 1598 Orphica
1278 1513 1401 1596 scripta

118 1631 268 1716 quamvis
284 1631 371 1696 inter
387 1654 421 1696 se
438 1632 567 1696 diversa
582 1632 617 1696 in
634 1634 771 1697 eandem
788 1632 932 1718 conjecit
948 1632 1099 1716 capulam
1118 1654 1220 1714 eaque
1243 1632 1312 1696 sine
1332 1631 1402 1694 ulla

117 1751 312 1834 exceptione
338 1752 480 1815 conficta
503 1751 635 1834 putavit
659 1753 700 1816 ab
726 1753 888 1836 ejusmodi
912 1751 1145 1835 scriptoribus,
1173 1753 1286 1834 quales
1310 1750 1401 1814 fuere

117 1870 367 1949 Onomacritus,
391 1870 549 1955 Cercops,
573 1871 753 1935 Brontinus
771 1871 903 1954 aliique.
936 1871 1082 1935 Quarum
1104 1870 1343 1934 sententiarum
1363 1878 1402 1933 ut

118 1991 249 2054 credam
272 1990 490 2053 Aristotelem
515 1989 606 2054 illam
631 1992 819 2074 amplexum
843 2012 925 2068 esse,
951 2011 989 2053 ea
1011 2011 1045 2053 re
1069 1990 1229 2067 adducor,
1255 1990 1343 2073 qnod
1367 1989 1400 2053 in

116 2108 374 2193 Metaphysicis,
396 2109 454 2172 ubi
473 2117 584 2193 aperte
606 2131 738 2173 carmen
758 2110 923 2193 quoddam
944 2110 1182 2193 theogonicum
1204 2109 1274 2192 ejus
1297 2109 1401 2172 oculis

117 2229 372 2307 obversabatur,
396 2251 463 2292 uon
485 2229 702 2312 contemptim
724 2229 764 2292 de
786 2239 957 2316 καλουμένοις
973 2235 1109 2317 Ὀρφικοῖς
1130 2237 1219 2297 ἔπεσιν
1242 2227 1399 2310 loquitur,

118 2348 175 2412 sed
186 2348 325 2431 ubique¹
342 2357 601 2436 τοὺςπαρπαλαίους
615 2357 659 2417 καὶ
673 2357 741 2417 πολὺ
757 2358 808 2434 πρὸ
823 2363 872 2435 τῆς
885 2362 929 2418 νῦν
942 2327 1072 2434 partesue
1084 2357 1129 2416 καὶ
1143 2357 1264 2435 πρώτους
1272 2357 1401 2434 θεολογή-

117 2499 212 2542 curru<
229 2468 280 2531 vel
295 2476 357 2543 τοὺς
370 2477 483 2555 ποιητὰς
496 2477 558 2543 τοὺς
574 2477 700 2558 ἀρχαίους
714 2467 748 2531 ln
764 2488 819 2531 ore
835 2467 954 2545 habet,
975 2466 1023 2530 ita
1038 2474 1077 2529 ut
1091 2465 1190 2530 facile
1207 2465 1397 2545 sentiamUS,

117 2586 335 2650 Aristotelem
360 2609 488 2666 eorum,
516 2609 598 2671 quae
625 2587 742 2650 antca²
773 2586 893 2649 dixerit
922 2585 957 2648 in
984 2584 1077 2650 libris
1107 2587 1147 2649 de
1172 2585 1397 2669 Philosophia,

116 2728 296 2770 memorem
313 2728 427 2771 cavere
447 2707 597 2790 quidem,
620 2728 661 2770 ne
681 2706 774 2769 illam
793 2714 934 2792 θεολογίαν
949 2704 1127 2789 Orphicam
1149 2703 1213 2787 ipsi
1233 2703 1400 2769 adscribat

118 2827 262 2911 Orpheo,
280 2848 341 2890 nee
356 2834 468 2890 tamen
485 2825 653 2904 dubitare,
675 2825 799 2910 quinci
815 2848 974 2889 summam
991 2823 1225 2907 antiquitatem
1240 2823 1398 2888 vindicet.

118 2946 193 3009 Oua
209 2947 249 3009 de
266 2969 364 3010 eausa
380 2968 510 3026 censeo,
528 2946 651 3010 eumin
667 2945 760 3009 libris
777 2946 818 3009 de
834 2944 955 3009 Anima
971 2944 1062 3007 etde
1078 2943 1281 3007 Animalium
1300 2965 1399 3026 gene·

116 3064 244 3129 ratione
259 3088 326 3130 non
342 3065 451 3130 omnia
467 3066 613 3150 Orphica
629 3065 772 3130 earmina
790 3073 943 3152 καλούμενα
962 3085 1094 3143 vocare,
1117 3064 1175 3127 sed
1197 3085 1235 3126 ea
1254 3069 1397 3141 tantum,

117 3184 297 3268 exquibus
319 3193 390 3248 tum
412 3184 498 3249 forte
523 3185 681 3249 nonnulla
706 3184 922 3268 excerpserit,
945 3206 1092 3268 quaeque
1117 3207 1136 3248 a
1157 3181 1399 3267 Pythagoricae

118 3311 229 3367 sectae
245 3303 430 3369 fautoribus
447 3305 634 3389 conscripta
650 3327 720 3368 esse
739 3303 837 3368 facile
859 3326 900 3367 ex
920 3302 1079 3367 doctrinis
1100 3303 1134 3367 in
1153 3302 1193 3366 iis
1215 3300 1399 3386 conspicuis

187 3629 411 3697 ¹Met.1,a‚p.
433 3633 574 3692 esocem
603 3634 643 3692 11,
662 3639 686 3692 4,
702 3651 732 3698 ρ.
754 3637 849 3682 rocoa
868 3638 897 3693 93
921 3633 1255 3698 X11,o‚p.1orrt27;
1279 3631 1356 3689 XIV,
1375 3636 1400 3691 4,

112 3733 142 3781 p.
165 3721 227 3766 1091
243 3719 257 3767 b
275 3725 306 3778 4;
330 3719 363 3766 cf.
382 3719 473 3777 Plato,
495 3719 597 3769 meoet.
614 3737 643 3783 p.
666 3721 712 3768 179
726 3721 765 3767 E:
787 3712 936 3789 Ὁμηρείων
954 3715 999 3768 καὶ
1018 3715 1055 3767 ἔτι
1078 3716 1266 3787 παλαιοτέρων,
1290 3716 1335 3764 ubi
1354 3714 1401 3765 Or·

116 3801 211 3865 pheum
230 3803 367 3866 significari
385 3811 458 3866 putat
474 3803 662 3853 Lobeckius
682 3804 755 3869 (Apl.
772 3822 801 3869 ρ.
823 3804 894 3868 948).

185 3883 300 3938 2lltiam
318 3891 471 3952 Eudemum,
493 3889 638 3940 Aristotelis
662 3890 825 3952 discipulum,
846 3888 941 3952 Orphei
964 3889 1120 3952 theologiam
1142 3889 1338 3938 vetustissimam
1355 3888 1404 3935 ha·

117 3971 212 4032 buisse,
232 3975 279 4023 etsi
297 3976 414 4038 magistri
432 3976 526 4024 librum
544 3976 575 4025 de
594 3975 762 4039 Philosophia
780 3975 835 4024 sine
854 3975 932 4023 dubio
950 3975 1049 4038 legerit,
1069 3990 1102 4024 ex
1119 3976 1249 4025 nonnullis
1266 3974 1402 4024 Damascii'

116 4057 181 4107 locis
201 4059 231 4122 (l.
251 4077 273 4109 o.
289 4078 318 4125 p.
339 4065 402 4109 382:
424 4055 459 4110 ‘H
485 4059 513 4111 δὲ
537 4057 606 4130 παρὰ
629 4062 667 4129 τῷ
692 4056 891 4131 Περιπατητικῷ
916 4055 1033 4129 Εὐδήμῳ
1059 4059 1273 4131 ἀναγεγραμμένη
1299 4060 1333 4113 ὡς
1356 4061 1406 4108 τοῦ

115 4136 233 4213 Ὀρφέως
250 4140 312 4195 οὖσα
336 4141 471 4214 θεολογ1α;
490 4164 520 4212 ρ.
541 4151 600 4207 393,
624 4145 669 4194 nbi
692 4143 761 4196 acroi
784 4143 832 4212 τὴν
851 4140 975 4213 Εὐδήμου
995 4142 1103 4215 ἱστορίαν
1121 4144 1237 4194 Acusilai
1255 4151 1280 4192 et
1297 4144 1405 4206 Epime-

116 4228 185 4277 nidis
204 4229 363 4293 aliommque
387 4239 412 4280 et
431 4229 588 4280 Graecorum
608 4239 633 4279 et
650 4230 817 4278 barbarorum
840 4229 1019 4293 theologorum
1036 4231 1157 4293 dogmata
1175 4235 1347 4292 exponuntur,
1366 4227 1402 4277 cf.

112 4330 143 4378 p.
163 4318 222 4375 384,
243 4315 303 4379 ³85)
323 4316 511 4378 assequendum
529 4324 576 4376 est,
602 4316 695 4379 quibus
713 4314 857 4363 Eudemum
875 4315 1061 4363 vetustissimos
1084 4313 1208 4376 cujusque
1229 4314 1313 4376 gentis
1330 4313 1402 4363 thec-

116 4397 189 4461 logos
207 4401 234 4448 in
253 4415 299 4449 sua
317 4400 434 4450 Historia
450 4401 613 4450 recensuisse
632 4407 763 4464 appareat.
