3038 4988
730 257 768 318 37

109 458 368 523 Lobeclriusz¹
393 480 485 536 „non
500 457 562 520 erit
572 457 755 541 quisquam,
773 459 891 540 inquil,
910 459 988 541 quin
997 457 1088 521 illam
1100 458 1305 541 splendidam
1323 481 1393 522 ora-

109 579 247 656 tionem,
265 601 329 661 qua
341 577 392 640 dei
409 576 518 660 imago
535 577 657 640 mundo
674 577 832 662 impressa
847 577 1065 662 praedicatur,
1083 577 1280 661 hymnodiae
1297 600 1394 659 quam

110 696 342 781 cosmogoniae
365 695 554 759 similiorem
577 704 712 779 putet.“
749 697 833 759 Cum
854 718 930 759 vero
947 697 1032 759 idem
1054 697 1104 759 vir
1126 695 1336 760 doctissimus
1354 719 1394 759 ex

109 816 253 880 lectione
275 816 388 903 μέλλεν’
411 825 463 884 ἀπὸ
479 825 589 903 κραδίης
609 827 752 903 προφέρειν
767 829 823 884 aaa
844 823 992 899 tempore
1006 815 1202 915 'imperfecto
1225 790 1394 898 magisad

109 935 330 999 narrationem
352 935 542 998 continuam
560 959 656 1018 qnam
678 936 719 998 ad
737 936 789 999 dei
810 934 1053 999 invocahionem
1067 934 1185 998 idonea
1208 935 1391 1018 collegerit,

110 1055 214 1118 nihilo
240 1054 346 1117 minus
370 1054 447 1117 illos
472 1076 585 1118 versus
611 1055 746 1118 carmini
770 1055 971 1138 theogonico
996 1054 1190 1117 tribuendos
1215 1075 1302 1131 esse,
1332 1076 1393 1118 nec

110 1174 228 1240 deinde
250 1173 390 1252 videam,
414 1195 477 1256 quo
494 1173 563 1237 iure
585 1173 668 1237 istae
690 1175 805 1238 laudes
822 1174 913 1236 Jovis
935 1173 1081 1258 prolixae
1104 1181 1203 1258 abque
1225 1173 1392 1258 grandilo-

111 1314 194 1375 quae
209 1292 244 1355 in
255 1292 519 1376 Lycomedarum
534 1295 675 1377 hymnos
686 1292 869 1356 Homericis
886 1294 991 1355 multo
1008 1293 1174 1356 breviores
1191 1301 1225 1357 eh
1240 1293 1392 1357 viliores³

109 1412 307 1495 relegandae
324 1411 405 1488 εἰμές
430 1412 573 1476 Tzetzae
589 1419 699 1475 autem
721 1411 948 1476 testimonium
965 1419 1139 1495 prophetea
1160 1435 1226 1475 non
1244 1434 1393 1496 premen-

110 1532 188 1594 dum
211 1531 376 1610 videatur,
401 1531 488 1614 quod
504 1531 612 1614 ipsum
638 1532 767 1613 quidem
790 1532 866 1594 illos
891 1554 1004 1595 versus
1030 1553 1070 1594 ex
1091 1531 1283 1614 'Pheogonia
1307 1531 1391 1614 (scil.

110 1650 317 1734 rhapsodica)
333 1674 400 1715 non
417 1672 457 1713 ex
479 1651 613 1715 sinceris
631 1651 755 1735 Orphei
775 1650 906 1734 hymnis
922 1659 995 1713 hum
1010 1651 1168 1734 temporis
1189 1651 1253 1714 iam
1270 1652 1393 1714 dudum

111 1791 240 1848 eorum,
266 1792 347 1852 quos
369 1792 457 1834 nunc
479 1772 654 1849 habemus,
682 1770 880 1833 auctoritate
903 1791 940 1833 ex
966 1771 1135 1833 hominum
1160 1770 1316 1834 memoria
1338 1771 1394 1834 de·

110 1888 215 1973 pulsis
237 1889 414 1973 sumpsisse
437 1889 517 1953 satis
540 1889 751 1953 manifestum
775 1897 836 1967 est,
864 1929 895 1937 -
922 1891 981 1952 has
1002 1889 1105 1972 igitur
1127 1891 1168 1953 ob
1192 1912 1306 1953 causas
1328 1912 1394 1952 non

110 2008 291 2087 abnuerim,
314 2009 401 2071 inter
420 2016 473 2071 tot
495 2030 608 2072 versus
631 2009 979 2087 aPseudoaristotele,
1002 2009 1198 2092 Appulej0,⁴
1222 2008 1394 2072 Clemente

110 2127 347 2206 Alexandrin0,
379 2129 574 2213 Porphyri0,
607 2129 751 2192 Shobaeo
777 2136 961 2192 asservatos
987 2129 1163 2191 nonnullos
1188 2130 1306 2207 labere,
1339 2128 1395 2210 qui

109 2245 175 2309 iam
195 2271 212 2310 a
230 2254 342 2310 vehere
359 2248 492 2331 Orpheo
510 2247 641 2330 procusi
658 2247 734 2310 sint.
773 2248 920 2311 Quorum
936 2247 971 2310 in
986 2270 1120 2310 numero
1137 2247 1277 2311 fortasse
1295 2248 1395 2311 etiam

110 2365 195 2430 illud
211 2365 393 2430 distichon:

182 2539 190 2568 ¹
208 2543 271 2606 Ayl.
286 2560 317 2606 p.
339 2547 385 2592 527
406 2544 466 2593 coll.
482 2561 512 2608 p.
533 2547 591 2590 522.

180 2624 283 2676 2Ηυιιυ
306 2629 443 2691 genuinam
467 2628 559 2677 veteris
582 2628 701 2676 carminis
725 2628 861 2676 lectionem
886 2628 977 2687 luisse,
1002 2627 1196 2676 Lobeckius
1215 2629 1250 2688 (l.
1271 2627 1306 2688 c.)
1329 2626 1394 2676 bene

111 2711 234 2775 explicat.

181 2795 288 2851 3Ρουο.
303 2800 321 2850 l.
334 2817 372 2850 c..·
390 2795 455 2855 Τοὺς
471 2793 587 2869 Ὀρφέως
606 2795 698 2866 ὕμνους
716 2794 784 2848 οἶδεν
804 2795 878 2854 ὄντας
897 2795 1003 2849 ἕκαστόν
1020 2816 1048 2849 τε
1068 2796 1152 2849 αὐτῶν
1172 2798 1213 2849 ἐπὶ
1232 2797 1393 2869 βραχύτατον

111 2880 186 2946 (Αρί.
202 2902 232 2949 p.
247 2889 296 2933 390
309 2887 343 2936 N.
358 2903 388 2934 a:
407 2883 485 2943 ,ποὺς
501 2879 618 2955 Ὀρφέως
637 2881 729 2951 ὕμνους
746 2881 810 2942 οἶδε,
831 2880 937 2934 ἕκαστόν
954 2901 982 2934 τε
1001 2882 1057 2934 κτλ.
1078 2899 1166 2933 omnes
1186 2883 1330 2948 singulos“)
1349 2882 1395 2934 acl

111 2965 141 3017 τὸ
160 2965 260 3034 σῦμπαν
277 2967 325 3020 οὐκ
349 2969 375 3026 ές
394 2966 502 3041 ἀριθμὸν
526 2968 603 3020 πολὺν
627 2969 852 3038 πεποιημένους..
868 3007 874 3019 .
890 2968 999 3038 ,κόσμῳ
1023 2969 1070 3037 μέν
1095 2968 1126 3037 δὴ
1146 2977 1197 3021 τῶν
1221 2969 1289 3021 ἐπῶν
1308 2968 1391 3021 δευτε-

112 3057 174 3122 ροῖα
193 3051 223 3104 ἂν
241 3055 355 3125 φέροιντο
374 3053 440 3123 μετὰ
454 3051 572 3126 Ὁμήρου
591 3073 619 3124 γε
637 3054 695 3110 τοὺς
714 3051 805 3122 ὕμνους
823 3054 880 3106 κτλ.
919 3038 923 3047 ¹

179 3136 350 3204 “Appulcjus
376 3142 429 3205 (De
447 3144 544 3192 Mando
563 3160 585 3192 c.
606 3144 637 3189 37
665 3141 714 3207 [ed.
735 3142 899 3191 Hildebroad
921 3143 961 3200 II,
984 3141 1059 3206 429])
1085 3142 1141 3190 sinc
1165 3141 1241 3189 dubio
1267 3140 1394 3190 Graecum

110 3231 209 3273 tantum
227 3232 326 3274 textum
344 3226 471 3290 apposuit.
504 3225 577 3286 Quae
595 3227 672 3289 igitur
690 3227 880 3275 anteVulcanii
900 3228 1038 3276 editionem
1056 3227 1188 3290 legebatur
1204 3226 1300 3274 Latina
1317 3226 1394 3274 inter·

110 3309 220 3373 prelatio
239 3309 327 3374 (quam
346 3313 422 3360 etiam
440 3312 626 3360 Lobeckius
648 3313 711 3376 Agl.
728 3330 757 3377 p.
779 3317 827 3361 523
847 3312 900 3376 dat)
920 3320 944 3360 et
963 3313 1072 3374 quaein
1091 3310 1256 3374 sequentibus
1275 3311 1393 3359 editioni·

110 3395 159 3444 bus
177 3397 264 3445 addita
286 3405 340 3446 erat
364 3398 593 3461 (Hildebrand,
619 3400 638 3448 l.
659 3417 681 3448 o.
697 3416 726 3463 p.
747 3399 819 3460 430),
844 3413 896 3446 non
914 3400 946 3447 ad
969 3398 1054 3461 ipsum
1072 3396 1229 3460 Appulejum
1246 3396 1394 3445 referendae

111 3488 178 3529 sunt.
217 3479 267 3530 Sed
292 3490 350 3531 ante
374 3483 442 3531 hunc
465 3484 615 3547 scriptorem
633 3485 684 3532 iam
702 3484 834 3532 Valerium
858 3482 985 3531 Soranum
1008 3483 1145 3531 nonnullos
1171 3497 1202 3530 ex
1226 3483 1278 3531 illis
1298 3481 1394 3544 Orphei

110 3567 225 3616 versibus
243 3569 269 3616 in
287 3567 409 3617 Latinum
427 3571 540 3629 vertisse,
561 3571 632 3619 testis
652 3578 690 3619 est
702 3570 784 3618 Varro
803 3571 871 3633 apud
890 3570 1063 3633 Augustinum
1083 3569 1135 3632 (De
1149 3570 1202 3618 Cio.
1216 3570 1252 3617 D.
1276 3568 1337 3625 VII,
1351 3568 1393 3629 9):

112 3652 152 3712 ,In
170 3653 236 3702 hanc
255 3656 407 3704 sententiam
426 3656 503 3704 etiam
522 3657 646 3718 quosdam
668 3671 756 3704 versus
774 3656 871 3705 Valerii
891 3654 982 3704 Sorani
1002 3655 1108 3717 exponit
1131 3654 1199 3702 idem
1218 3654 1300 3701 Varro
1318 3654 1343 3700 in
1363 3667 1394 3701 oo

110 3738 185 3799 libro,
206 3754 282 3802 quem
300 3755 415 3789 seorsum
433 3741 465 3789 ab
484 3741 541 3789 istis
561 3742 592 3789 de
611 3741 680 3789 cultu
700 3743 804 3789 deorum
823 3741 940 3803 scripsit3
960 3741 1003 3802 qui
1022 3754 1109 3788 versus
1128 3739 1153 3786 hi
1173 3748 1244 3786 sunt:

341 3825 461 3889 Juppiter
479 3826 641 3888 omnipotens
660 3841 749 3888 regum
767 3840 902 3888 rerumque
922 3827 1048 3887 deumque

342 3911 500 3973 Progenitor,
520 3912 683 3975 gepitrixque
703 3912 785 3971 deum,
806 3912 868 3959 deus
888 3926 960 3972 unus,
982 3921 1006 3959 et
1024 3912 1126 3959 omnis‘

112 3992 162 4053 Qui
186 4010 273 4045 versus
298 4011 356 4046 curn
380 4011 432 4045 non
456 4005 508 4044 tam
532 4012 590 4046 curn
614 3997 655 4056 iis,
681 3998 724 4059 qui
749 3996 776 4045 in
794 3997 940 4044 Aristotelis
963 4003 988 4045 et
1006 3995 1128 4059 Appuleji
1152 3996 1222 4044 libris
1248 3997 1278 4043 de
1297 3995 1394 4043 Mundo

112 4081 198 4144 scripti
218 4090 283 4142 sunt,
304 4083 465 4141 conveniant,
486 4098 562 4145 quam
581 4098 638 4130 curn
657 4083 771 4141 Eusebii,
792 4083 903 4141 Proculi,
925 4080 1028 4130 Stobaei
1047 4082 1175 4130 versibus:

343 4164 409 4224 Ζεὺς
429 4166 554 4236 βασιλεὺς,
575 4165 641 4224 Ζεὺς
660 4165 736 4222 αὐτὸς
756 4166 874 4217 ἁπάντων
893 4164 1082 4238 ἀρχιγένεῦλος.

337 4244 385 4304 Ἓν
402 4253 504 4323 κράτος,
525 4251 562 4309 εἷς
581 4251 679 4320 δαίμων
697 4253 792 4320 γένετο,
814 4252 893 4321 μέγας
912 4252 992 4323 ἀρχὸς
1011 4250 1138 4309 ἁπάντων,

111 4339 293 4401 suspicandum
312 4350 358 4399 est,
379 4340 509 4389 Valerium
528 4354 580 4388 non
599 4354 632 4388 ex
651 4338 751 4388 Graeco
769 4339 834 4387 libro
854 4341 884 4387 de
900 4339 1007 4397 Mundo,
1028 4340 1071 4386 sed
1091 4353 1123 4386 ox
1140 4338 1197 4399 ipso
1216 4334 1311 4398 Orphei
1329 4336 1355 4384 h.
1370 4351 1392 4384 e.

110 4422 238 4472 Hellanici
257 4425 370 4473 carmine
388 4426 445 4473 illos
465 4439 551 4473 versus
570 4426 717 4488 sumpsisse.
