3038 4988
742 228 782 288 62

119 433 243 494 honore
268 429 417 493 affecisse
441 427 616 491 traditur.²
662 428 789 492 Deinde
820 429 921 492 ctiam
944 430 1058 493 Musas
1089 429 1123 493 in
1147 429 1255 494 Pieria
1285 432 1406 496 saltem

120 550 185 612 iam
202 557 275 612 tum
299 548 458 631 temporis
483 568 609 610 sacram
635 548 789 611 habuisse
814 549 941 626 sedem,
967 571 1034 612 non
1054 547 1144 612 omni
1167 550 1407 632 probabilitate

121 669 242 732 caret.²
289 667 354 730 Sed
375 665 586 744 Mercurium,
611 689 706 749 quern
729 667 919 730 Herodotus
941 668 1098 731 Thracios
1120 691 1216 751 reges
1236 670 1406 747 „maxime

120 788 256 850 deorum
287 787 419 849 colere“
447 792 575 862 narrat,
606 785 789 848 veterrimis
815 786 972 850 Thraciae
999 787 1060 849 diis
1091 787 1231 870 adjicere
1262 789 1405 852 haesito.

119 906 293 989 Lycurgus
315 904 401 968 enim
422 926 480 967 rex
501 925 606 986 neque
627 927 645 967 a
664 905 828 968 Mercurio
849 905 1010 987 originem
1032 905 1143 983 duxit,
1166 907 1225 969 sed
1246 930 1265 969 a
1283 908 1404 986 Marte,

119 1045 225 1106 neque
246 1023 446 1087 Mercurium
460 1022 608 1116 *maxime
631 1022 748 1101 coluit,
775 1024 833 1086 sed
855 1026 962 1087 solum
983 1026 1137 1088 Martem.
1184 1025 1281 1088 Unde
1303 1025 1409 1109 igitur

118 1165 214 1226 reges
233 1142 425 1206 recentioris
446 1141 566 1204 aetatis
587 1142 682 1204 illum
697 1142 853 1206 Mercurii
870 1143 997 1206 cultum
1019 1167 1037 1206 a
1053 1143 1180 1207 civibus
1202 1144 1269 1206 suis
1285 1145 1339 1208 vel
1355 1167 1405 1209 re·

119 1270 254 1345 sputum
270 1263 323 1325 vel
339 1268 502 1325 secretum
519 1262 737 1346 acceperunt?
781 1262 977 1344 Ubicunque
993 1283 1088 1345 reges
1110 1263 1208 1326 aliam
1230 1271 1330 1347 atque
1346 1286 1405 1348 po·

118 1381 188 1464 puli
209 1381 403 1464 religionem
426 1381 519 1463 sequi
539 1380 674 1458 videris,
698 1403 763 1443 non
780 1381 884 1443 falsus
901 1381 980 1459 eris,
1004 1381 1032 1444 si
1048 1404 1103 1445 eos
1119 1383 1259 1464 populos
1278 1405 1298 1446 a
1312 1405 1404 1466 pere·

119 1476 925 1584 grinisducibusquondamsubactosessedixeris.
943 1501 1062 1583 Itaque
1070 1501 1170 1564 etiam
1177 1502 1321 1565 Thraces
1329 1511 1406 1586 post

119 1620 319 1683 domesticos
329 1641 436 1702 reges,
455 1641 593 1702 quorum
609 1618 642 1681 in
652 1640 787 1681 numero
798 1618 971 1702 Lycurgus
986 1628 1067 1698 erat,
1085 1622 1145 1683 sub
1156 1621 1267 1704 gentis
1278 1612 1404 1686 alienae

118 1737 291 1821 imperium
307 1739 461 1801 videntur
480 1738 606 1801 redacti
628 1759 714 1814 esse,
740 1759 823 1819 quae
846 1760 885 1800 ex
908 1761 966 1801 sua
986 1746 1074 1802 terra
1089 1740 1290 1803 Mercurium
1306 1741 1405 1804 deum

117 1856 357 1940 importaverit.
383 1857 491 1920 Quam
504 1858 635 1939 quidem
651 1863 786 1939 gentem
800 1857 1028 1921 Germanicam
1044 1858 1157 1937 fuisse,
1174 1860 1250 1923 inde
1268 1860 1404 1943 collige,

119 1977 205 2058 quod
222 1976 245 2039 ii
266 1999 395 2060 quoque
413 1976 641 2054 „Mercurium
655 1975 796 2038 maxime
813 1976 948 2039 deorum
965 1978 1177 2041 colebant“.⁵
1216 1980 1287 2042 Nec
1311 1980 1406 2043 deest

186 2249 196 2279 ¹
213 2254 399 2303 Eratosthenes
411 2252 429 2301 l.
445 2270 481 2301 c„-
501 2243 551 2306 Ὃς
573 2249 617 2301 τὸν
636 2249 682 2316 μὲν
700 2245 818 2301 Διόνυσον
835 2247 883 2300 οὐκ
902 2248 986 2317 ἐτίμα,
1005 2250 1048 2302 τὸν
1068 2251 1096 2302 δὲ
1107 2245 1200 2302 Ἥλιον
1219 2253 1335 2322 μέγιστον
1352 2261 1406 2306 τῶν

117 2333 185 2388 θεῶν
211 2335 324 2404 ἐνόμιζεν
348 2334 422 2396 εἶναι,
448 2335 476 2386 ὃν
498 2335 543 2386 καὶ
564 2331 718 2387 Ἀπόλλωνα
741 2334 954 2406 ιιροςηγόρεοσεν1
981 2335 1171 2406 ἐπεγειρόμενός
1193 2355 1221 2388 τε
1245 2343 1292 2406 τῆς
1316 2339 1405 2396 νυκτὸς

116 2421 184 2473 κατὰ
203 2422 250 2490 τὴν
270 2419 379 2490 ἑωθινὴν
393 2420 433 2472 ἐπὶ
446 2421 474 2471 τὸ
489 2418 546 2490 ὄρος
564 2420 593 2471 τὸ
605 2420 764 2488 καλούμενον
778 2416 907 2489 Πάγγαιον
924 2421 1060 2491 προςέμενε
1078 2420 1124 2478 τὰς
1143 2421 1277 2481 ἀνατολάς,
1297 2420 1340 2473 ἵνα
1359 2423 1404 2497 ἴδῃ

115 2507 159 2558 τὸν
182 2506 254 2576 ἥλιον
277 2517 385 2578 πρῶτον.
413 2535 442 2542 -
468 2507 537 2556 Ante
561 2507 666 2555 Troiam
691 2507 805 2555 excisam
833 2506 876 2568 (cf.
900 2505 1051 2568 Lepsius,
1079 2510 1239 2572 Ko'aipsbuch
1262 2510 1309 2558 der
1332 2511 1405 2560 alten

115 2595 233 2659 Epypter
252 2595 356 2658 [Berlin
378 2593 462 2658 1858],
478 2612 508 2658 p.
531 2599 578 2642 130
593 2591 646 2658 sq.)
672 2591 796 2641 Sesostris
815 2592 841 2641 h.
861 2607 883 2640 e.
908 2606 982 2654 reges
1005 2592 1179 2655 dynastarum
1196 2593 1281 2643 XVII.
1296 2623 1328 2630 —
1341 2595 1402 2644 XX.

116 2678 152 2743 (D
161 2680 295 2740 uncker,
318 2682 465 2730 Gesctichte
483 2681 527 2729 des
545 2681 705 2728 Alterthmns
724 2677 759 2742 [3.
779 2679 861 2743 Aafl„
880 2678 973 2726 Berlin
994 2677 1079 2742 1863],
1099 2680 1123 2737 I,
1144 2683 1190 2726 112
1204 2679 1256 2743 sq.)
1279 2680 1404 2730 Rsemses

115 2765 259 2813 Miammun
285 2765 410 2828 imprimis
429 2772 454 2814 et
475 2765 598 2813 Raemses
616 2763 664 2812 III.
689 2778 735 2825 per
752 2762 844 2810 Asiam
866 2777 946 2824 usque
969 2762 995 2809 in
1020 2763 1157 2811 Thraciam
1180 2778 1287 2827 regnum
1310 2780 1405 2829 propa·

114 2857 207 2912 garant
231 2850 277 2913 (cf.
296 2851 395 2900 Herod.
416 2851 440 2909 I,
461 2854 522 2909 1033
541 2850 621 2898 Diod.
644 2849 696 2897 Sic.
717 2849 740 2906 I,
761 2852 807 2908 553
832 2849 926 2897 Strabo
944 2848 1005 2906 XV,
1025 2852 1084 2913 op.
1105 2853 1168 2909 6863
1194 2849 1316 2898 Manetho
1335 2852 1405 2913 apud

115 2934 267 2998 Josephum,
288 2952 309 2984 c.
329 2937 382 2999 Ap.
402 2936 426 2993 I,
447 2939 491 2994 153
519 2936 601 2984 Tacit.
621 2936 673 2982 Aa.
693 2934 733 2991 Π,
753 2932 806 2995 60).
843 2931 934 2980 Nonne
956 2940 1011 2980 tum
1035 2933 1157 2996 temporis
1181 2933 1314 2997 Dionysus
1332 2936 1358 2984 h.
1378 2951 1402 2985 e.

116 3018 199 3069 Osiris
218 3034 310 3083 agmen
329 3034 412 3080 suum,
433 3021 501 3082 quod
520 3019 641 3068 describit
657 3020 789 3068 Diodorus
808 3019 832 3077 I,
851 3022 893 3078 20,
912 3018 940 3065 in
958 3018 1104 3079 Thraciam,
1130 3018 1173 3066 ubi
1192 3019 1326 3068 Maronem
1343 3021 1403 3069 reli·

116 3106 172 3168 quit
189 3114 214 3153 et
231 3105 378 3168 Lycurgum
402 3106 507 3165 occidit,
531 3105 657 3153 deducere
680 3103 782 3166 potuit?
807 3101 852 3151 Sin
872 3101 999 3152 Sesostris
1018 3119 1051 3152 ex
1073 3105 1282 3167 inscriptionibus
1300 3107 1403 3169 Aegyp-

115 3191 190 3240 tiacis
210 3191 389 3254 (Duncker‚
409 3191 428 3241 l.
449 3208 470 3240 c.
490 3204 516 3251 p.
541 3196 596 3250 134,
619 3189 678 3252 143)
703 3188 899 3251 Hellespontum
916 3203 969 3236 non
988 3195 1026 3237 est
1043 3197 1226 3252 transgressus,
1245 3197 1332 3239 tamen
1350 3206 1403 3241 non

114 3276 258 3325 mirandum
276 3276 331 3337 erit,
352 3276 374 3324 si
393 3290 426 3325 ex
443 3275 508 3324 Asia
525 3276 557 3324 ab
575 3275 711 3338 Aegyptiis
735 3274 840 3323 subacta
862 3275 987 3321 nonnulla
1005 3289 1038 3322 ex
1055 3274 1179 3338 religione
1198 3277 1359 3339 Aegyptiace
1375 3276 1403 3326 in

115 3362 253 3411 Thraciam
271 3361 451 3410 emanaverint.
489 3362 611 3409 Attamen
628 3360 692 3408 haec
709 3359 808 3407 incerta
826 3366 886 3408 sunt
904 3366 929 3407 et
947 3360 1114 3409 dubitationis
1132 3361 1216 3424 plena.

183 3444 253 3495 ²01⁴.
274 3446 434 3510 Gerhard,
455 3448 473 3496 l.
494 3464 515 3496 e.
532 3464 562 3511 p.
583 3451 614 3494 04
633 3447 667 3496 N.
688 3449 730 3493 98.
929 3513 932 3517 ¹

184 3530 328 3593 ³Nonnus,
354 3535 461 3599 Dionys.
486 3533 548 3590 XX,
570 3536 630 3579 149:
661 3527 723 3581 ἔνθα
746 3547 791 3589 τις,
815 3524 908 3600 “Apron
933 3526 1008 3596 αἷμα,
1037 3529 1166 3600 μιαιφόνος
1185 3523 1265 3599 ciarev
1291 3527 1355 3600 ἀνήρ
1377 3538 1405 3580 et

114 3638 138 3670 v.
161 3625 223 3669 168:
238 3654 244 3667 .
260 3614 407 3686 .Ἐνοαλίῳ
427 3617 456 3668 δὲ
473 3622 548 3686 τοκῆι
567 3614 697 3685 δατρεύιον
717 3614 836 3685 ἱέρευσεν.

183 3702 195 3732 ⁴
212 3707 253 3754 Id.
273 3704 362 3763 XXV,
383 3707 444 3751 128:
468 3695 554 3772 ’Ἄρεα
572 3706 666 3770 μοῦνον
685 3699 754 3773 ἔχων
772 3701 959 3772 χραισμήτοροι,
980 3705 1072 3767 μοῦνος
1091 3697 1180 3771 ἐρίξων

473 3785 547 3857 Ζηνὶ,
568 3785 732 3846 Ποσειδάωνι,
749 3782 822 3858 Ῥέῃ,
842 3783 931 3845 Χθονὶ,
952 3781 1046 3857 Νηρέϊ,
1066 3781 1177 3856 Βάκχῳ.

116 3873 157 3925 Cf.
177 3876 296 3939 Zocga‚
317 3877 336 3925 l.
356 3893 379 3924 c.
399 3876 422 3933 I,
444 3879 508 3938 laq.
545 3873 651 3921 Nonnus
679 3872 824 3934 neglectum
847 3870 948 3932 Jovem,
972 3871 1120 3934 Neptunum
1144 3871 1260 3932 aliosque
1283 3871 1345 3920 deos
1370 3872 1403 3920 de

115 3976 163 4011 suo
180 3961 288 4010 fortasse
306 3959 414 4019 addidit,
433 3958 478 4006 sed
496 3959 606 4006 Martem
623 3956 736 4019 Lycurgi
755 3955 833 4004 fuisse
851 3964 950 4019 patrem
967 3957 1007 4005 vel
1025 3972 1101 4005 avum
1121 3983 1149 3991 -
1170 3970 1230 4004 nam
1248 3957 1286 4007 Il.
1307 3960 1331 4015 6,
1353 3961 1402 4005 130

114 4047 248 4111 Lycurgus
267 4039 394 4115 Δρύαντος
412 4039 464 4097 υἱός
486 4042 679 4105 appellatur-
697 4055 730 4089 ex
748 4041 861 4103 antiquis
879 4041 992 4090 fontibus
1010 4042 1109 4089 videtur
1126 4041 1189 4088 mihi
1208 4041 1347 4103 accepisse,
1367 4040 1401 4090 cf.

117 4134 193 4199 Odys.
215 4136 239 4192 8,
259 4135 318 4190 381,
337 4129 381 4177 ubi
399 4127 512 4176 Thracia
531 4128 623 4176 dicitur
640 4127 717 4175 Marti
735 4127 871 4190 praecipue
891 4128 992 4176 dilecta.

183 4213 194 4243 ⁶
215 4218 318 4265 Tacitus
338 4217 423 4264 Germ.
444 4230 466 4262 ο.
487 4217 511 4274 9,
536 4212 563 4262 J.
582 4210 712 4272 Grimm,
739 4213 757 4260 l.
778 4229 799 4261 c.
821 4230 849 4276 p.
873 4216 930 4272 108,
958 4217 1013 4260 136.
1051 4212 1193 4261 Mercurius
1217 4218 1256 4260 cst
1277 4209 1401 4271 Wuotan,

115 4317 226 4366 quocum
253 4315 305 4349 non
332 4300 416 4348 solum
441 4299 500 4347 ideo
523 4312 662 4361 congruere
685 4298 796 4358 ridetur,
820 4299 888 4360 quod
912 4304 951 4347 cst
973 4298 1113 4347 litterarum
1137 4298 1253 4345 inventor
1271 4303 1330 4355 etc,
1356 4295 1402 4344 sed

115 4387 193 4436 ctiam
215 4386 284 4448 quod
309 4392 411 4448 etymon
433 4384 547 4433 nominis
562 4379 663 4454 Ἐρμῆς
691 4384 801 4446 (sanskr.
826 4381 1003 4446 Soram-ejas)
1031 4383 1140 4431 fortasse
1168 4381 1295 4445 significat
1320 4380 1402 4429 filium
