3038 4988
762 253 803 311 82

144 451 267 514 verbis:
286 457 341 521 Διίο
357 458 456 525 ταύτας
471 461 556 541 ἀρχὰς
571 459 759 537 ὑποτιθέμενος
773 465 888 538 πρῶτον,
904 460 977 538 ὕδωρ
992 460 1037 519 καί
1050 465 1108 538 γῆν,
1123 456 1174 538 τὴν
1189 463 1219 520 δὲ
1234 460 1296 538 μίαν
1310 462 1362 538 πρὸ
1377 467 1432 521 τῶν

144 584 214 640 δυοῖν
230 578 346 659 άῤῥητυυ
362 580 454 658 ἀφίησι
470 570 692 652 colligendum
709 591 782 633 eum
800 570 947 634 obscuris
958 569 1154 653 quibusdam
1170 571 1277 634 verbis
1294 571 1431 654 aliquod

143 713 264 754 numen
285 690 504 773 significasse,
531 690 617 772 quod
643 689 707 752 iam
733 698 809 752 ante
832 713 949 773 aquam
972 690 1083 753 fuerit.
1129 691 1305 753 Damascio
1327 691 1428 769 enim,

145 811 200 893 qui
215 831 311 894 saepe
328 832 369 872 ex
383 832 448 872 uno
460 816 591 872 tantum
602 810 731 873 nomine
742 809 881 873 triadem
898 810 1080 888 enucleet,¹
1098 832 1201 892 aquae
1218 816 1252 872 et
1267 810 1345 872 limo
1361 833 1430 873 una

144 929 294 992 addenda
314 929 378 992 fuit
394 939 481 1020 ἀρχή,
502 936 541 991 ut
562 928 666 1011 prima
685 930 765 993 trias
789 931 1041 1013 compleretur*
1086 931 1138 992 Hx
1156 952 1240 1012 aqua
1261 936 1373 992 autem
1394 935 1431 991 et

144 1049 223 1111 limo
246 1048 366 1112 animal
382 1048 528 1111 nascitur
545 1048 768 1131 serpentinum
791 1057 826 1112 et
840 1049 947 1113 tribus
964 1049 1128 1134 capitibus
1144 1048 1292 1127 leonine,
1316 1048 1430 1111 divino

147 1171 191 1250 (h.
210 1190 238 1230 e.
256 1170 423 1251 humano),
441 1167 571 1230 taurino
587 1167 773 1231 accinctum
790 1176 824 1232 et
840 1171 997 1248 alatum,³
1021 1169 1074 1231 cui
1089 1191 1206 1231 nomen
1225 1174 1276 1231 est
1292 1167 1431 1230 Herculi

144 1288 197 1350 vel
223 1288 367 1350 Chrono.
422 1288 573 1350 Quocum
599 1290 810 1372 conjunctam
835 1289 936 1352 fuisse
957 1294 1106 1376 Ἀνάγκην,
1138 1309 1220 1371 quae
1246 1287 1361 1350 eadem
1385 1286 1440 1375 sit.

144 1413 243 1490 atque
254 1412 437 1494 Ἀδράστεια,
457 1407 651 1470 Damascius
667 1407 792 1470 addit.4
837 1410 938 1471 Porro
959 1430 1000 1471 ex
1016 1411 1251 1490 Athenagorae
1267 1405 1431 1470 relatione

146 1527 209 1588 iste
225 1526 386 1590 Hercules
398 1528 507 1589 Ovum
523 1527 723 1589 mundanum
740 1526 850 1609 gignit
867 1534 901 1589 et
915 1527 1038 1606 fovet,⁶
1056 1549 1097 1590 ex
1113 1550 1175 1610 quo
1192 1527 1324 1590 tandem
1343 1527 1431 1588 Pha-

147 1668 204 1708 nes
221 1645 373 1728 erumpit.
399 1646 517 1708 Testae
533 1653 649 1729 ruptae
666 1645 800 1709 dimidia
816 1647 955 1709 alterurn
973 1648 1100 1710 coelum
1117 1648 1259 1710 alterum
1273 1652 1362 1708 terra
1376 1645 1429 1707 fit.

146 1763 349 1827 Quibuscum
361 1772 472 1828 tamen
482 1787 629 1847 pugnare
640 1765 803 1844 videntur,
822 1788 904 1848 quae
915 1766 1110 1829 Damascius
1121 1767 1162 1829 de
1172 1764 1326 1828 Herculis
1337 1765 1430 1847 prole

146 1883 260 1946 tradit.
293 1886 473 1967 Postquam
491 1885 577 1947 enim
592 1885 626 1947 in
641 1884 778 1968 primam
793 1884 934 1948 triadem
951 1909 1078 1969 aquam,
1102 1884 1228 1962 limum,
1250 1884 1430 1947 Herculem

144 2003 285 2086 redegit,
303 2005 440 2066 alteram
456 2003 504 2066 ita
520 2004 722 2067 constituere
738 2004 862 2082 studet,
879 2014 918 2067 ut
934 2004 1173 2089 Hieronymum
1191 2004 1313 2087 pariter
1329 2010 1430 2084 atque

145 2124 350 2205 Rhapsodias
371 2123 535 2206 triplicem
558 2124 711 2186 Herculis
733 2125 859 2207 prolem
885 2126 1005 2188 habere
1027 2124 1117 2187 dicat
1138 2126 1317 2187 Aetherem
1337 2121 1430 2185 vide-

147 2315 574 2327 unu-...mmmmm-

215 2451 327 2504 ¹Veluti
348 2471 381 2504 ex
397 2456 519 2518 Phanote,
545 2456 577 2504 cf.
601 2456 705 2517 Quaeri.
721 2474 751 2519 ρ.
771 2432 915 2520 38οε4Τὴν
933 2451 962 2504 δὲ
979 2449 1067 2523 τρίτην
1086 2453 1134 2516 (ec.
1153 2450 1256 2522 τριάδα)
1273 2450 1316 2501 τὸν
1333 2445 1429 2519 Μῆτιν,

145 2540 189 2591 τὸν
205 2537 370 2612 Ἤρικεπαῖον
389 2543 424 2597 ὡς
443 2541 555 2609 δύναμιν,
574 2540 617 2591 τὸν
637 2537 746 2610 Φάνητα
765 2537 841 2590 αὐτὸν
860 2541 895 2596 ὡς
912 2539 1020 2609 πατέρα.

214 2624 285 2676 'Gt
304 2629 382 2677 verba
400 2642 462 2676 mox
486 2627 632 2690 sequentia:
659 2619 712 2677 Kal
737 2623 912 2693 ὑπολαμβάνω
937 2623 984 2692 τὴν
1004 2624 1030 2676 έν
1047 2617 1278 2693 ταῖςῬαψιρδίαις
1295 2618 1432 2688 θεολογίαν

147 2709 254 2782 ἀφεῖσαν
274 2711 320 2768 τὰς
338 2712 382 2764 δύο
401 2715 503 2783 πρώτας
522 2710 605 2783 άρχοίς
623 2709 689 2779 μετὰ
706 2717 754 2780 τῆς
772 2716 831 2778 μιᾶς
848 2711 896 2782 πρὸ
914 2719 966 2762 τῶν
985 2709 1054 2762 δυοῖν
1071 2715 1119 2778 τῆς
1136 2714 1207 2777 σιγῆς
1226 2709 1298 2773 (Api.
1315 2724 1345 2772 p.
1365 2707 1428 2754 485:

145 2803 192 2867 τῆς
209 2801 242 2870 τῆ
260 2799 327 2870 σιγῆ)
345 2795 534 2870 παραδοθείσης
551 2795 609 2848 κτλ.

216 2881 283 2932 ³Ita
300 2885 463 2944 Damascius‚
482 2885 525 2945 qui
544 2881 641 2931 Chroni
661 2882 759 2930 nomini
778 2883 854 2931 etiam
873 2881 1002 2945 epitheton
1021 2879 1149 2951 ἀγῆρατος
1166 2880 1244 2927 addit.

214 2966 225 2996 ⁴
242 2970 397 3018 Damasciua
410 2969 594 3031 Hieronymum
612 2968 720 3030 primam
733 2967 839 3016 triadem
852 2981 902 3016 non
920 2967 957 3015 ita
975 2968 1103 3030 complere
1116 2966 1185 3024 dicit,
1204 2970 1317 3012 utente
1335 2977 1430 3025 aquam

146 3061 172 3102 et
189 3054 277 3102 limum
296 3069 431 3102 commune
456 3054 556 3116 utrique
574 3053 728 3116 principium
754 3053 821 3102 sicut
838 3053 882 3101 alii
907 3053 1021 3115 theologi
1039 3061 1132 3116 ponat,
1159 3052 1204 3100 sed
1222 3052 1260 3099 ita
1283 3057 1311 3098 ut
1328 3050 1429 3098 tertiam

147 3137 231 3210 ἀρχὴν
248 3148 321 3203 post
338 3140 397 3188 illos
416 3140 567 3199 constituat,
592 3154 683 3202 nempe
702 3140 839 3188 Herculem
857 3140 937 3187 illum.
976 3138 1059 3198 Quam
1077 3139 1180 3201 quidem
1200 3134 1285 3207 ἀρχὴν
1302 3134 1429 3183 masculo-

147 3225 283 3273 femineam
302 3241 371 3285 esse,
397 3241 455 3274 cum
472 3219 586 3293 Ἀνάγκη
607 3239 666 3272 cum
684 3224 793 3272 Hercule
812 3223 887 3271 simui
905 3223 1020 3271 exsistat.
1057 3223 1116 3286 lpse
1140 3222 1217 3284 igitur
1234 3220 1358 3269 Hercules
1377 3233 1429 3267 non

147 3318 186 3359 eet
205 3307 385 3381 άρσενδθηλυς,
406 3313 449 3359 sed
468 3310 631 3374 principium,
651 3310 719 3371 quod
737 3309 780 3356 ille
799 3324 850 3356 una
868 3324 925 3356 cum
942 3308 1100 3356 Necessitate
1120 3308 1214 3370 explet.

216 3392 273 3443 lln
286 3396 448 3459 Rhapsodiis‚
469 3411 535 3458 quae
553 3395 661 3443 fortasse
680 3408 711 3442 ea
728 3395 754 3441 in
772 3408 799 3441 re
817 3393 849 3442 ab
863 3392 1011 3454 Hieronymi
1030 3392 1153 3440 relatione
1172 3406 1223 3439 non
1241 3390 1429 3454 discrepabant,

147 3480 210 3529 haee
237 3482 273 3529 ita
300 3481 476 3529 describuntur
503 3483 636 3544 (Damaso.
657 3480 676 3528 l.
696 3496 718 3526 o.
734 3497 764 3542 p.
785 3478 861 3540 380):
895 3472 939 3532 Είς
962 3475 990 3527 δὲ
1016 3475 1064 3544 τῆν
1090 3475 1210 3547 δευτέραν
1238 3476 1306 3542 (scil.
1326 3474 1429 3546 τριάδα)

147 3563 231 3616 τελεῖν
255 3563 312 3634 ἦτοι
334 3566 363 3617 τὸ
387 3565 526 3631 κυούμενον
550 3565 594 3616 καὶ
617 3564 646 3615 τὸ
670 3563 732 3614 κύον
750 3563 801 3613 ὠὸν
823 3562 866 3612 τὸν
891 3560 962 3620 θεὸν,
988 3559 1067 3630 ἢτὸν
1092 3561 1191 3634 ἀργῆτα
1215 3570 1326 3633 χιτῶνα,
1345 3559 1363 3630 ἢ
1382 3559 1430 3628 τὴν

147 3649 297 3720 νεφέλην,
318 3649 357 3700 ὅτι
375 3650 405 3701 έκ
422 3649 519 3700 τούτων
537 3646 679 3720 ἐκθρώσκει
697 3646 710 3698 ὁ
730 3644 826 3716 Φάνης.
863 3647 905 3695 Ad
923 3661 989 3709 quae
1008 3643 1189 3697 Lobeelrius'
1214 3650 1287 3713 (Api.
1304 3665 1333 3713 p.
1353 3650 1428 3706 tem:

148 3736 298 3798 „intelligas
324 3735 454 3800 Orpheum
479 3743 621 3784 extremum
645 3734 721 3792 illud,
748 3733 815 3794 quod
840 3739 931 3780 cuneta
954 3733 1091 3795 complexu
1114 3748 1161 3782 suo
1185 3740 1326 3792 coerceret,
1352 3733 1430 3780 modo

148 3819 259 3891 νεφέλην
276 3823 353 3869 modo
373 3820 472 3892 ἀργῆτα
495 3827 592 3890 χιτῶνα
616 3818 758 3881 appellasse
777 3818 865 3864 eadem
889 3816 1039 3880 metaphora
1061 3834 1143 3878 usum,
1169 3833 1220 3881 qua
1237 3819 1385 3881 Leucippus
1405 3827 1431 3865 et

149 3908 313 3957 Democritus
338 3915 436 3979 χιτῶνα
459 3904 549 3974 κύκλῳ
573 3903 619 3955 καί
643 3901 723 3970 ὑμένα
745 3900 908 3973 περιτείνουσι
930 3906 969 3973 τῷ
991 3902 1112 3973 κάσμῳ.“
1147 3904 1235 3967 Ipsum
1254 3902 1351 3966 Orphei
1376 3917 1432 3949 ver-

149 4009 207 4042 sum
225 3995 311 4043 laudat
329 3995 397 4043 idem
414 3993 567 4043 Damascius
582 4009 612 4055 ρ.
636 3995 680 4038 147
701 3989 744 4052 (cl.
765 3991 827 4055 Ayl.
844 4008 873 4056 p.
893 3989 966 4054 475):

412 4105 447 4115 -
467 4105 495 4114 -
534 4072 621 4126 ἔπειτα
640 4070 660 4125 δ’
680 4071 764 4134 ἔτευξε
784 4075 863 4144 μέγας
880 4073 976 4146 Χρόνος
995 4072 1077 4146 αἰθέρι
1096 4072 1142 4144 δίιρ

415 4162 479 4214 diebu
498 4156 622 4232 ἀργύφεον
642 4189 682 4212 -.

148 4252 275 4314 Equidem
293 4251 392 4299 haesito
416 4250 444 4297 in
462 4249 507 4296 illo
529 4247 655 4296 vocabulo
673 4245 793 4316 νεφέλην.
831 4246 899 4306 Quid
918 4247 987 4295 enirn
1009 4247 1069 4294 nubi
1088 4261 1146 4294 cum
1169 4247 1234 4294 ovo?
1260 4244 1431 4295 Scribendum

148 4338 225 4399 igitur
248 4346 310 4399 puto
334 4333 450 4405 κελύφην
466 4334 492 4382 λι.
512 4349 535 4383 e.
553 4341 658 4393 testam,
683 4333 708 4380 id
733 4335 800 4394 quod
823 4333 975 4382 Damascius
999 4333 1134 4381 verborum
1151 4331 1195 4381 τὸν
1213 4329 1313 4402 ἀργῆτα
1330 4338 1431 4401 χιτῶνα

150 4423 359 4485 explicandorum
378 4438 456 4471 causa
474 4423 566 4470 addere
584 4421 674 4483 potuit.
