3038 4988
742 257 784 318 ct

128 454 199 517 Nec
219 463 331 520 tamen
352 457 455 520 omnis
477 458 570 520 deest
590 458 747 539 temporis
770 457 1048 521 commemoratio.
1086 456 1169 520 Cum
1189 455 1275 519 enim
1297 455 1409 519 Chaos

128 573 256 637 dicatur
272 583 335 644 εἶναι
350 584 457 662 ἄπειρον
471 586 515 644 καὶ
529 587 572 645 διὰ
587 585 669 644 πολὺν
684 584 768 645 αἰῶνα
783 587 821 664 μὴ
838 585 909 667 ἔχειν
922 587 1018 663 πέρας,
1037 575 1245 658 perspicuum
1264 581 1331 653 est,
1354 573 1410 637 hic

128 715 256 776 quoque
271 695 422 758 similiter
435 701 533 778 atque
547 697 632 780 apud
645 696 828 758 Eudemum
843 696 985 778 Tempus
998 695 1039 757 ab
1052 693 1147 756 initio
1160 692 1265 756 totius
1279 715 1409 756 cosmo·

121 813 245 896 goniae
269 814 414 896 positum
438 814 549 878 fuisse.
589 817 670 878 Mox
694 836 770 878 vero
796 814 1068 878 Sauchuniathon
1093 835 1133 880 ex
1158 813 1283 895 Spiritu
1308 814 1355 895 (h.
1379 833 1410 874 e.

130 931 246 1016 Colpia
260 936 373 1015 ventu)
395 940 429 996 et
446 934 536 996 Chao
554 937 599 1017 (h.
617 957 645 997 e.
664 937 752 1018 Βάαυ)
769 957 835 997 ncn
851 941 933 1016 Mdr,
954 934 1011 996 sed
1030 934 1179 995 Aeonem
1198 941 1411 1014 procreatum

129 1072 200 1115 esse
214 1060 335 1131 narrat,
349 1075 446 1135 quem
460 1075 535 1116 cum
546 1053 660 1116 Mochi
671 1053 792 1116 Ulomo
808 1048 910 1146 (obii)
924 1073 1103 1136 congruere
1114 1073 1211 1115 nemo
1225 1074 1291 1114 uon
1304 1050 1410 1113 videt.

129 1171 225 1234 Hunc
240 1172 343 1255 igitur
357 1174 505 1236 Aeonem
521 1194 626 1254 neque
642 1180 773 1256 tempus
790 1194 895 1254 neque
911 1172 1019 1254 ipsum
1035 1172 1194 1234 mundum
1209 1169 1410 1253 significare,

129 1291 310 1354 rectissime
326 1292 408 1354 mihi
422 1291 553 1355 videtur
569 1295 759 1355 observasse
775 1293 941 1368 Movers‚¹
961 1292 1019 1354 sed
1035 1292 1160 1355 nullam
1177 1289 1308 1353 omuino
1324 1295 1411 1352 tcm-

129 1410 217 1495 poris
237 1411 511 1494 significationem
534 1411 610 1475 huic
635 1410 759 1473 nomini
783 1411 996 1488 remansisse,
1020 1410 1099 1472 mihi
1123 1409 1319 1493 persuadere
1343 1431 1411 1470 nou

130 1553 274 1614 possum.
300 1533 527 1614 Archetypum
544 1531 629 1593 enim
646 1537 708 1608 est,
725 1530 812 1613 quod
828 1532 869 1592 ab
887 1537 1020 1593 aeterno
1035 1551 1148 1592 omnes
1161 1529 1195 1591 in
1210 1549 1244 1591 se
1260 1526 1412 1589 continet

129 1671 237 1712 rerum
258 1649 380 1712 formas
401 1657 435 1712 et
455 1650 620 1732 exempla,
642 1649 690 1712 ita
709 1656 747 1712 ut
767 1650 864 1711 simul
886 1649 1008 1711 Chroni
1031 1656 1065 1711 et
1084 1648 1173 1711 illius
1193 1653 1263 1715 Μώτ
1281 1646 1411 1710 vicibus

131 1768 224 1851 fungi
245 1769 407 1831 videatur.
442 1768 547 1832 Sicuti
569 1776 680 1831 autem
701 1768 870 1831 abstracta
891 1768 948 1830 illa
970 1767 1103 1831 nomina
1121 1777 1215 1858 χρόνος
1234 1773 1268 1828 et
1288 1775 1348 1851 μώτ
1369 1765 1411 1827 ab

131 1889 244 1950 Aeone
262 1888 313 1950 vel
329 1888 448 1951 Ulomo
466 1888 694 1970 depelluntur,
715 1887 762 1949 ita
778 1888 877 1950 etiam
894 1888 943 1950 sol
965 1894 998 1950 et
1018 1889 1095 1950 luna
1118 1894 1152 1949 et
1172 1885 1306 1961 stellae,
1329 1906 1412 1966 quas

132 2007 403 2071 Sanchuniathcn
418 2007 452 2069 in
466 2008 572 2090 prima
586 2007 746 2070 relatione
763 2029 803 2070 ex
820 2006 892 2068 Ovo
908 2005 1094 2089 prorupisse
1111 2011 1236 2081 narrat,
1257 2004 1291 2065 in
1307 2002 1414 2065 altera

131 2127 318 2189 nominibus
342 2127 446 2209 magis
467 2126 703 2210 mythologicis
724 2126 933 2188 denotantur.
972 2125 1050 2187 Non
1071 2124 1155 2188 enim
1178 2122 1309 2200 dubito,
1334 2121 1414 2204 quin

130 2246 259 2330 proprie
281 2246 337 2309 ille
357 2255 528 2333 Πρωτὸγονος
546 2247 725 2328 (Sanchun.
746 2268 777 2327 p.
797 2249 837 2308 14
844 2293 853 2322 ,
872 2247 923 2328 16)
946 2267 1010 2306 non
1033 2243 1134 2306 frater
1155 2241 1255 2304 fuerit
1274 2241 1411 2316 Aeonis,

132 2366 190 2428 sed
206 2366 273 2443 sol,
294 2366 350 2447 qui
366 2365 488 2449 primus
505 2386 545 2427 ex
562 2366 633 2427 Ovo
650 2365 692 2427 ab
709 2368 821 2427 Aeone
839 2363 952 2445 genito
969 2362 1150 2426 emicuerit.
1184 2363 1308 2444 Aperte
1325 2359 1413 2421 enim

131 2490 204 2546 tota
225 2487 304 2547 haec
326 2484 522 2568 genealogia
541 2483 669 2567 proprie
692 2484 896 2564 congruebat
918 2505 991 2545 cum
1013 2482 1085 2560 illa,
1107 2480 1164 2544 ubi
1184 2486 1254 2548 Μώτ
1273 2479 1413 2541 tertium

132 2611 226 2667 tenet
240 2605 367 2680 locum;
390 2605 448 2667 sed
464 2604 617 2687 quoniam
633 2602 687 2665 hic
707 2625 772 2665 non
791 2601 896 2665 totius
917 2601 1030 2664 mundi
1049 2601 1108 2663 sed
1126 2597 1256 2682 generis
1276 2597 1413 2660 humani

133 2878 252 2929 Fortasse
276 2881 307 2929 ad
332 2882 463 2930 veritatem
487 2880 591 2943 propius
616 2879 753 2940 accedunt,
779 2893 844 2940 quae
868 2877 1101 2938 Delitzschius‚
1126 2877 1164 2925 vir
1186 2882 1212 2925 et
1235 2874 1366 2923 doctrinae
1391 2880 1417 2922 et

133 2966 298 3016 humanitatis
322 2969 424 3016 nomine
448 2967 569 3030 insignia
597 2967 628 3014 de
652 2965 700 3014 hac
719 2980 745 3014 re
763 2980 863 3013 mecum
882 2965 990 3027 benigne
1015 2962 1219 3012 communicavit
1254 2954 1321 3011 Mor
1346 2959 1416 3007 enim

134 3053 297 3102 derivandum
315 3061 388 3116 putat
405 3069 419 3101 a
438 3047 470 3106 'tm
483 3073 514 3095 =
527 3048 573 3105 *lt
586 3076 616 3098 =
631 3063 665 3121 ³⁷3
678 3069 744 3116 aqua
755 3054 800 3117 (cf.
820 3046 892 3129 ²3²¹*
909 3056 973 3103 Gen,
990 3057 1029 3113 19,
1047 3053 1101 3115 31),
1120 3051 1192 3112 cujus
1211 3048 1322 3097 nominis
1340 3048 1417 3096 radix

134 3137 167 3185 sit
190 3146 245 3215 {12⁷2
270 3139 394 3199 diffluere,
420 3140 533 3189 dissolvi.
570 3140 694 3189 Litteram
712 3158 726 3190 τ
744 3141 857 3188 additam
882 3154 937 3188 esse
962 3130 995 3187 bx
1019 3139 1129 3201 quodam
1153 3150 1224 3184 more
1247 3133 1414 3194 Graecorum,

135 3238 185 3285 quo
210 3240 400 3286 nonnumquam
418 3227 553 3288 peregrina
576 3227 701 3274 vocabula
724 3226 748 3273 in
774 3225 888 3273 vocalem
914 3225 1033 3273 exeuntia
1057 3223 1127 3271 finali
1145 3240 1160 3272 τ
1177 3221 1217 3269 vel
1235 3217 1252 3270 θ
1270 3220 1418 3268 ornaverint

135 3309 180 3373 (cf.
199 3312 279 3360 Jaott
298 3328 349 3374 pro
368 3304 420 3361 Ιαώ
446 3318 493 3387 tn}
517 3313 586 3375 apud
604 3313 750 3369 Irecoewm,
771 3313 799 3360 Τ.
820 3312 839 3359 Ι
850 3328 876 3374 p.
897 3313 948 3360 419
965 3312 1006 3359 ed.
1027 3308 1149 3371 Sileren).
1187 3305 1234 3355 Sin
1257 3305 1307 3354 hoc
1330 3305 1417 3352 minus

135 3395 264 3460 probetur,
284 3396 360 3444 etiam
374 3396 405 3443 ab
423 3397 480 3458 ipsa
492 3397 577 3445 radice
597 3404 651 3448 nit
665 3396 849 3444 substantivum
866 3396 1019 3442 abstractum
1039 3387 1092 3458 nic
1112 3392 1264 3452 dissolutio,
1284 3389 1417 3439 diffluxus‘

136 3480 239 3529 formari
264 3481 376 3543 potuisse
402 3480 448 3543 (cf.
467 3480 586 3539 Ewald,
611 3482 742 3531 Lehrbcoh
766 3483 791 3530 d.
816 3481 885 3530 hebr.
913 3481 1026 3543 cpraote
1051 3461 1090 3542 [6.¹
1107 3479 1188 3540 Assy.
1208 3477 1312 3540 Leipsiy
1337 3473 1417 3538 1855]

138 3566 162 3628 ξ.
185 3571 232 3614 150
246 3567 281 3628 b).
306 3567 346 3613 lta
365 3560 432 3616 lllrbr
450 3580 506 3614 esse
524 3581 616 3628 aquam
635 3566 790 3614 seminosam
813 3565 851 3613 vel
869 3564 973 3611 fluctum
992 3578 1007 3610 a
1026 3560 1124 3625 Spiritu
1142 3562 1264 3624 agitatum
1282 3568 1308 3608 et
1325 3561 1419 3622 germi-

135 3651 210 3699 nibus
237 3651 366 3699 refertum.
394 3679 422 3686 -
451 3648 479 3698 Si
503 3650 579 3699 verba
604 3648 649 3700 aul
674 3649 703 3701 ἐκ
727 3655 774 3719 τῆς
800 3647 878 3700 αὐτοῦ
904 3646 1052 3716 συμπλοκῆς
1077 3651 1122 3697 τοῦ
1147 3645 1289 3713 πνεύματος
1316 3642 1419 3712 ἐγένετο

137 3731 204 3787 Μώτ
218 3772 224 3784 .
239 3773 246 3785 .
261 3773 267 3785 .
280 3734 324 3785 acl
343 3734 373 3786 ἐκ
389 3735 486 3805 ταύτης
505 3734 604 3805 ἐγένετο
621 3741 690 3787 πᾶσα
709 3732 789 3804 σπορὰ
805 3732 912 3790 κτίσεως
929 3733 973 3784 acl
989 3733 1085 3802 γένεσις
1101 3730 1233 3783 rorabitur
1252 3745 1310 3779 eum
1326 3729 1420 3778 ceteris

137 3821 272 3870 obscoenis
296 3821 454 3869 Phoenicum
479 3822 590 3869 cultibus
614 3821 743 3879 conferas,
770 3835 821 3869 uon
846 3821 930 3869 aliena
954 3821 1003 3868 erit
1026 3818 1151 3881 suspicio,
1178 3817 1241 3865 illud
1265 3815 1420 3865 vccabulum

137 3907 239 3970 proprie
263 3907 348 3969 ipsum
367 3921 453 3954 semen
478 3907 548 3955 virile
573 3907 740 3969 significasse.
777 3908 813 3955 Et
835 3907 943 3955 fortasse
968 3905 1044 3954 etiam
1068 3904 1129 3952 illud
1154 3903 1290 3951 obscurum
1309 3900 1420 3948 Eudemi

138 3991 211 4050 brou,
231 3994 298 4054 quod
310 3992 411 4054 plurimi
429 3992 456 4039 in
469 3990 519 4042 ὠόν
535 3993 684 4041 mutandum
698 3999 859 4053 censuerunt,
878 3992 1064 4040 emendandum
1077 3996 1115 4037 est
1131 3989 1157 4036 in
1170 3994 1254 4055 μῶτον
1270 3988 1295 4037 h.
1309 4003 1331 4035 e.
1351 3986 1420 4052 μώτ.

138 4078 246 4126 Videtur
270 4077 338 4124 enim
355 4078 508 4126 Damascius
531 4079 612 4126 verbis
631 4076 699 4128 κατὰ
722 4077 765 4129 τὸν
782 4082 840 4128 νοῦν
857 4074 929 4144 οἶμαι
951 4075 994 4127 τὸν
1011 4073 1102 4144 νοητόν
1120 4072 1301 4136 etymologiam
1325 4071 1422 4119 addere

137 4164 208 4212 vocis
233 4163 297 4213 ὦτον
315 4165 377 4211 satis
401 4164 513 4226 ineptam
532 4164 647 4226 quidem,
674 4164 763 4212 sedin
788 4172 899 4211 veterum
917 4162 1107 4211 Platonicorum
1131 4159 1201 4207 libris
1219 4157 1322 4205 minime
1347 4155 1422 4203 inau-

86 4243 88 4246 ⁴
138 4249 225 4297 ditem.
269 4247 344 4308 Quod
369 4249 390 4297 si
415 4249 451 4297 ita
475 4256 525 4309 est,
552 4250 637 4299 littera
660 4268 674 4299 r
698 4265 749 4298 non
774 4256 858 4312 potest
881 4249 969 4298 deleri·
1009 4243 1104 4298 Meiros
1128 4253 1213 4293 autem
1236 4243 1317 4305 magis
1342 4242 1423 4290 etiam

139 4341 245 4385 assonat
262 4334 299 4382 illi
317 4333 416 4403 νοητόν,
436 4349 512 4397 quam
531 4333 604 4384 ὦτον.

209 4417 218 4447 ¹
236 4422 322 4470 Erech
340 4438 365 4472 u.
389 4423 496 4481 October,
515 4422 571 4479 ΙΙΙ,
590 4426 631 4480 24,
646 4438 676 4486 p.
696 4425 754 4468 412.
