3038 4988
738 240 779 300 45

117 464 183 524 quo
203 440 331 504 imbuta
347 439 477 502 videtur
498 439 611 504 fabula
627 440 666 504 de
684 440 842 504 Phanetis
859 440 1022 523 cataposi,
1048 462 1120 504 eam
1135 440 1239 504 veteri
1255 441 1406 524 Theogo-

115 560 192 624 niae
206 582 273 623 non
290 559 393 621 ausim
409 558 630 643 abjudicare.¹

204 681 377 742 Postremo
402 679 429 740 si
460 677 532 761 quis
552 680 735 742 Phanetem
766 680 819 743 vel
849 688 984 762 propter
1004 679 1174 762 Ericapaei
1204 701 1324 742 nomen
1353 681 1406 743 vel

116 799 319 882 singularem
344 797 489 860 indolem
514 805 548 861 et
573 805 681 861 ortum
707 807 740 861 et
765 798 835 861 fata
864 798 1073 882 peregrinum
1099 799 1194 862 deum
1221 799 1406 863 ducendum

116 925 229 1004 putet,
252 940 319 980 non
334 917 519 980 inauditum
536 926 603 996 est,
625 925 701 1000 post
718 917 848 981 Solonis
870 924 1020 1000 tempora
1036 918 1180 982 Graecos
1200 939 1241 982 ex
1257 918 1338 982 Asia
1353 920 1405 981 vel

116 1040 275 1122 Aegypto
291 1059 394 1099 novos
411 1037 501 1114 deos,
518 1035 612 1114 ritus,
631 1037 789 1121 mysteria
803 1037 978 1121 recepisse.
1003 1038 1120 1121 Neque
1135 1039 1291 1121 Zagreus,
1310 1059 1407 1120 quem

116 1157 239 1220 scimus
262 1155 512 1220 Onomacritum
537 1155 605 1219 sive
630 1156 664 1219 in
684 1156 910 1240 Theogoniam
930 1156 999 1220 sive
1023 1157 1058 1219 in
1078 1166 1197 1231 Τελετὰς
1217 1157 1342 1240 Orphei
1367 1179 1407 1220 ex

116 1279 276 1360 Aegypto
296 1276 350 1338 vel
367 1275 483 1338 Oreta²
506 1274 734 1353 transtulisse,
757 1275 804 1338 ita
826 1275 965 1359 mystica
988 1284 1079 1339 caret
1099 1275 1373 1359 interpretatione
1381 1278 1404 1355 ³,

116 1403 156 1458 ut
176 1397 306 1459 Phanes
326 1401 500 1478 propterea
525 1416 543 1456 a
565 1395 696 1457 saeculo
717 1402 811 1458 sexto
834 1395 994 1458 arcendus
1016 1394 1076 1473 sit,
1104 1395 1191 1477 quod
1217 1417 1287 1458 eam
1309 1394 1405 1458 nimis

116 1522 230 1597 aperte
246 1535 323 1597 prae
340 1535 375 1576 se
391 1513 475 1577 ferre
491 1513 653 1577 videatur.
686 1514 728 1576 Id
744 1514 832 1596 quod
850 1535 887 1577 eo
904 1514 1011 1577 minus
1027 1514 1222 1592 mirandum,
1240 1527 1303 1597 quo
1319 1515 1405 1578 Pha·

114 1655 175 1697 nes
196 1633 406 1697 remotiorem
426 1655 444 1696 a
466 1632 528 1695 diis
551 1633 735 1716 Olympicis
755 1633 864 1696 locum
886 1640 996 1711 tenet,
1022 1655 1096 1697 cum
1119 1633 1217 1696 etiam
1240 1633 1405 1697 Hesiodus

116 1753 241 1816 multos
272 1753 312 1815 ab
337 1751 431 1815 initio
458 1751 688 1835 cosmogoniae
713 1753 792 1816 deos
817 1753 980 1836 posuerit,
1013 1775 1150 1836 quorum
1175 1760 1293 1816 natura
1317 1754 1406 1817 haud

115 1873 260 1934 multum
282 1870 430 1935 avirium
448 1871 647 1934 naturalium
671 1878 705 1934 et
726 1873 1027 1954 phaenomenorum
1046 1872 1182 1935 notione
1204 1873 1405 1936 recederet.4

117 1991 251 2074 Species
276 2012 352 2054 vero
375 1990 427 2054 dei
451 1991 590 2053 taurinis
615 1990 818 2074 aliorumque
843 1991 1033 2054 animalium
1056 1991 1220 2074 capitibus
1245 1991 1404 2069 accincta,

116 2109 179 2174 alis
199 2109 364 2193 praedita,
389 2116 535 2173 ceterum
556 2110 702 2173 mascula
724 2117 758 2172 et
779 2110 921 2174 feminea
940 2133 1005 2174 non
1022 2111 1128 2193 magis
1145 2133 1243 2192 quam
1263 2111 1333 2194 ejus
1350 2110 1405 2174 de-

116 2229 242 2313 sorptio
259 2251 317 2313 per
332 2231 352 2292 J
354 2251 448 2292 ovem
465 2230 552 2293 lacta
570 2230 611 2293 ab
628 2228 864 2312 antiquissimis
881 2238 915 2293 et
930 2230 1067 2294 Homeri
1082 2238 1115 2293 et
1132 2229 1269 2294 Hesiodi
1285 2229 1406 2293 fabulis

115 2349 284 2427 abhorret,
308 2349 341 2412 in
358 2348 476 2432 quibus
493 2348 690 2426 Centimani,
712 2349 871 2432 Typhoei,
891 2349 1035 2429 Cerberi,
1055 2349 1236 2428 Echidnae,
1254 2349 1406 2412 Chimae-

115 2489 172 2531 rae
197 2467 324 2550 aliaque
346 2476 493 2532 monstra
515 2476 703 2546 occurrant,
727 2468 828 2531 Metis
849 2476 883 2532 et
899 2469 1032 2532 Saturni
1046 2469 1143 2532 liberi
1159 2470 1406 2546 desorbeant-ur,

117 2586 166 2650 ita
186 2594 225 2650 ut
245 2594 375 2651 tantum
398 2587 501 2667 absit,
528 2596 566 2651 ut
585 2589 647 2650 hac
670 2588 709 2650 de
731 2609 829 2651 causa
850 2590 981 2651 Phanes
1002 2589 1184 2652 recentiore
1204 2582 1353 2671 tempore
1374 2586 1408 2649 in

116 2705 289 2770 Graeciam
306 2707 558 2790 transmigrasse
574 2708 740 2789 putandus
757 2707 810 2784 sit,
829 2715 867 2770 ut
882 2714 1056 2791 propterea
1066 2708 1122 2770 vix
1136 2707 1205 2770 iure
1215 2706 1407 2791 peregrinae

115 2825 253 2908 originis
270 2827 472 2890 damnandus
488 2825 649 2889 videatur.

188 3031 196 3061 ¹
215 3034 323 3083 Zeller
340 3033 372 3098 (l.
393 3053 415 3085 c.
435 3036 458 3093 I,
480 3040 520 3095 73,
540 3036 600 3086 coll.
617 3053 646 3099 p.
661 3034 705 3098 45)
725 3035 787 3082 mihi
806 3035 832 3082 in
851 3035 975 3095 versibus,
996 3037 1040 3099 qui
1059 3046 1200 3099 sequuntur
1218 3036 1276 3084 illos
1295 3051 1311 3084 a
1328 3036 1406 3084 Pseu·

116 3119 281 3168 doaristctelc
304 3128 445 3169 asservatos
465 3120 540 3185 (Api.
557 3139 586 3185 p.
608 3125 665 3180 524,
675 3123 719 3185 fr.
744 3121 822 3178 ῙἸΙΙ,
841 3137 864 3169 o.
886 3120 997 3183 8—32),
1021 3121 1099 3169 nimis
1122 3122 1218 3170 ornatis
1238 3130 1262 3170 ct
1281 3122 1405 3183 quaesitis

115 3203 256 3253 offendisse
274 3205 381 3254 videtur.
418 3204 470 3265 Qui
495 3221 553 3254 cum
571 3221 587 3254 a
605 3205 746 3268 Porphyrio
770 3205 872 3252 demum
891 3213 916 3253 et
936 3203 1048 3254 Stobaeo
1068 3215 1308 3266 commemorentur,
1329 3206 1404 3254 facile

114 3289 261 3352 interpolati
284 3290 395 3338 habendi
420 3299 486 3340 suut.
523 3291 554 3339 In
573 3292 612 3352 iis,
638 3290 681 3354 qni
704 3292 729 3338 in
752 3290 819 3339 libro
842 3290 873 3339 de
892 3291 990 3339 Mundo
1008 3291 1135 3353 leguntur,
1155 3291 1220 3340 nihil
1240 3293 1316 3351 inest,
1337 3293 1404 3353 quod

115 3375 212 3423 abillo
231 3373 373 3438 fragmento
392 3376 538 3438 Aeschyleo
558 3377 692 3440 discrepet.

185 3456 369 3521 '²Gerhard‚
389 3462 408 3510 l.
428 3480 450 3510 e.
471 3463 505 3510 N.
526 3466 557 3510 45
577 3471 602 3510 et
620 3468 661 3510 80.
699 3460 820 3511 Ceterum
845 3460 958 3511 Graecos
983 3461 1044 3510 satis
1069 3460 1149 3509 ruisse
1172 3461 1240 3510 leves
1266 3469 1291 3510 et
1315 3462 1403 3510 incon·

114 3552 212 3593 stantes
234 3545 261 3592 in
285 3546 354 3594 cultu
379 3561 509 3594 sacrorum
532 3561 616 3609 neque
641 3547 803 3595 abhorruisse
821 3561 835 3594 a
854 3546 984 3594 mutandis
1007 3546 1174 3609 religionibus
1192 3547 1295 3610 egregie
1314 3556 1405 3596 contra

115 3629 149 3679 Ο.
168 3630 361 3678 Muellerum
381 3632 411 3694 (l.
432 3649 453 3680 o.
470 3649 500 3695 p.
521 3632 590 3695 392),
615 3640 643 3680 ut
661 3632 761 3695 opinor,
786 3632 943 3680 demonstrat
959 3632 1153 3680 Lobcckius
1172 3634 1234 3697 Agl.
1251 3650 1280 3697 p.
1302 3637 1350 3680 625
1363 3651 1402 3697 aq.

114 3714 206 3778 Itaque
225 3729 256 3763 ea
273 3716 305 3764 dc
323 3730 401 3764 causa
419 3731 471 3764 non
488 3717 642 3779 negaverim,
655 3719 781 3780 Zagreum
794 3731 850 3766 esse
862 3717 1048 3780 Aegyptiorum
1062 3716 1149 3766 Osirin
1167 3719 1211 3783 (cf.
1226 3720 1288 3784 Api.
1299 3737 1328 3783 p.
1344 3724 1402 3778 671,

115 3802 189 3863 693).
220 3800 340 3850 Fortasse
358 3809 443 3850 autem
462 3801 489 3849 in
508 3800 586 3851 Creta
604 3803 686 3851 cultus
706 3801 815 3851 Osiridis
834 3817 892 3850 cum
910 3803 990 3865 orgiis
1008 3802 1104 3850 Bacchi
1122 3804 1233 3866 primum
1252 3804 1403 3866 conjunctus

114 3894 155 3935 est
173 3895 199 3934 ct
217 3887 276 3934 inde
293 3887 320 3934 iu
338 3887 455 3936 notitiam
474 3889 542 3936 venit
561 3886 736 3936 Onornacrito.
769 3886 845 3947 Quod
864 3888 885 3936 si
903 3889 987 3937 minus
1005 3889 1090 3951 placet
1104 3889 1177 3954 (Agl.
1188 3907 1218 3954 p.
1234 3892 1281 3937 572
1296 3897 1320 3938 et
1333 3889 1402 3953 624),

114 3971 298 4020 Phoenices
322 3973 399 4020 ctiam
423 3973 450 4019 in
472 3973 556 4034 ipsam
575 3971 710 4022 Graeciam
734 3974 806 4022 illum
831 3974 926 4022 cultum
944 3989 977 4022 ex
995 3976 1122 4038 Aegypto,
1146 3975 1189 4022 ubi
1212 3976 1238 4022 in
1256 3975 1334 4024 Delta
1351 3975 1402 4022 ium

113 4057 302 4120 antiquissimis
321 4058 479 4120 temporibus
497 4059 570 4106 sedes
587 4059 708 4119 habuere,
727 4059 864 4108 transferre
882 4068 1020 4123 potuerunt
1033 4059 1078 4120 (cf.
1093 4058 1124 4108 G.
1145 4060 1258 4119 Ehem,
1272 4062 1401 4125 Aegypton

114 4145 167 4193 und
185 4145 227 4192 die
244 4146 346 4194 Becher
363 4143 458 4193 Mose’s
477 4142 594 4209 [Leipzig
615 4142 701 4208 1868],
721 4146 744 4202 1,
766 4145 835 4206 138).

185 4225 254 4278 ³cf.
276 4228 435 4287 Gerhard,
456 4230 474 4278 l.
495 4246 517 4278 c.
538 4231 572 4279 N.
595 4235 642 4278 195
663 4239 688 4278 et
706 4234 765 4278 233.

184 4311 331 4363 ⁴Fortasse
356 4314 433 4362 etiam
456 4312 607 4377 Ophioneus
624 4315 780 4377 Phcrekydis
804 4327 837 4362 ex
855 4316 973 4378 Aegypto
997 4314 1037 4363 vel
1055 4314 1194 4363 Phoenicia
1213 4315 1334 4376 repetitus
1353 4323 1399 4374 est,

114 4414 271 4462 quamquam
289 4400 314 4448 id
334 4407 410 4462 negat
427 4401 576 4449 Zollcrus
596 4401 627 4464 (l.
648 4418 670 4449 c,
691 4402 714 4458 I,
735 4400 787 4462 66).
