3038 4988
737 265 778 324 84

120 463 153 526 in
169 486 266 527 unam
283 460 454 546 compellit
470 473 564 552 ἀρχήν,
580 463 675 525 modo
690 465 798 527 Ovum
814 466 867 528 vel
883 467 1066 527 Phanetem
1082 464 1116 526 in
1132 470 1225 526 terna
1240 463 1403 548 principia

119 583 280 661 divellit-,¹
298 581 399 645 etiam
408 583 551 646 Erebum
561 589 638 666 post
647 584 832 648 Phanetem
841 584 993 667 genitum
1003 584 1045 647 ad
1055 585 1234 647 Aetherem
1245 591 1279 646 et
1289 584 1402 646 Chaos

119 724 272 766 revocare
293 701 416 785 potuit,
438 708 475 763 ut
496 701 575 764 trias
596 701 725 785 integra
746 703 932 768 exsisteret.
980 703 1141 786 Equidem
1161 702 1403 786 Hieronymum

118 844 184 886 non
199 831 269 885 tam
284 821 424 900 triades,
449 845 545 904 quam
562 823 716 906 syzygias
739 830 905 887 exuetere
925 845 1014 886 more
1029 821 1282 906 theogoniarum
1304 822 1402 886 insti-

118 942 221 1005 tuisse
242 941 399 1025 suspicor.
446 941 602 1004 Exoritur
622 942 708 1005 enim
724 944 881 1026 quaedam
900 942 1171 1007 contrarietatum
1194 942 1294 1006 series
1310 942 1402 1005 haud

117 1061 304 1138 iniucunda,
323 1061 351 1122 si
366 1062 436 1144 ejus
452 1061 663 1144 genealogias
680 1063 743 1124 hoc
759 1063 871 1126 ordine
888 1063 1086 1146 processisse
1101 1085 1220 1146 ponas:
1254 1062 1400 1124 Primum

118 1189 188 1244 erat
213 1184 310 1263 Aqua
334 1191 368 1242 et
388 1179 517 1258 Limus,
545 1180 662 1243 deinde
687 1181 829 1266 Tempus
855 1190 889 1245 et
913 1183 1033 1246 Modus
1058 1183 1165 1267 spatia
1190 1181 1403 1266 potissimum

117 1300 263 1379 finiens‚⁹
285 1323 381 1385 porro
406 1303 531 1363 Aether
551 1300 700 1363 madidus
726 1308 760 1364 et
782 1301 890 1364 Chaos
910 1302 1016 1384 magis
1042 1323 1082 1364 ex
1106 1301 1204 1365 aridis
1225 1300 1400 1364 elementis

118 1427 285 1484 constans.
332 1420 425 1483 Quae
446 1420 503 1484 ubi
523 1419 556 1482 in
573 1421 636 1483 Ovi
659 1422 798 1503 figuram
815 1423 1009 1484 coaluerunt
1015 1470 1024 1499 ,
1047 1429 1144 1504 rupta
1166 1427 1253 1483 testa
1269 1421 1401 1483 coelum

119 1562 257 1622 superne
278 1549 366 1603 terra
385 1539 510 1605 inferne
533 1540 794 1618 constituuntur,
821 1562 862 1603 ex
883 1541 948 1604 Ovi
972 1547 1081 1604 autern
1104 1541 1197 1623 quasi
1218 1540 1400 1603 visceribus

115 1660 298 1744 prorumpit
314 1662 443 1723 Phanes
466 1660 517 1722 vel
534 1659 607 1721 Lux
629 1668 662 1722 et
681 1660 758 1721 Nox
777 1660 830 1722 vel
847 1661 985 1723 Erebus
1033 1660 1098 1724 Sed
1120 1659 1290 1724 abhorruit
1312 1659 1400 1742 ejus-

115 1779 204 1841 modi
221 1778 340 1862 opinio,
360 1802 423 1862 qua
439 1779 560 1842 Coelus
577 1786 611 1842 et
626 1779 725 1842 Terra
740 1786 848 1842 testae
864 1787 975 1863 partes
991 1781 1204 1863 putabantur,
1223 1781 1400 1842 vehemen-

115 1906 166 1961 ter
190 1922 208 1961 a
226 1899 369 1981 vulgaris
385 1900 611 1983 mythologiae
628 1899 822 1982 praeceptis
871 1900 1080 1982 Quapropter
1096 1899 1221 1962 factum
1244 1898 1398 1975 arbitror,

115 2027 152 2080 ut
167 2027 297 2100 praeter
313 2021 497 2082 naturalem
513 2027 633 2081 terram
650 2025 684 2082 et
695 2020 822 2081 coelum
839 2018 936 2081 etiam
951 2018 996 2081 dii
1007 2018 1218 2101 cognomines
1234 2018 1399 2101 fingeren-

115 2145 169 2200 tur
191 2147 225 2200 et
240 2140 398 2201 Phanetis
421 2146 455 2201 et
470 2138 589 2201 Noctis
595 2187 605 2216 ‚
628 2139 762 2201 deorum
784 2145 855 2200 tum
871 2139 1138 2217 novissimorum,
1160 2137 1255 2201 liberi
1272 2159 1399 2200 nuncu-

113 2265 279 2341 parentur.
320 2258 394 2321 Quo
411 2259 499 2320 facto
517 2258 630 2321 iamin
646 2266 774 2320 veteres
792 2257 930 2320 Hesiodi
944 2258 1147 2340 aliorumque
1164 2258 1399 2339 theologorum

114 2377 248 2440 semitas
269 2378 442 2441 deflectere
465 2376 576 2454 licuit,
602 2377 666 2440 nisi
686 2377 773 2460 quod
795 2377 954 2440 Phanotis
978 2376 1160 2461 cataposis³
1186 2383 1220 2440 et
1239 2376 1397 2458 ZagreuS,

114 2497 205 2561 Jovis
227 2509 261 2561 et
278 2497 490 2581 Proserpinae
507 2496 628 2575 filius‚⁴
650 2503 726 2580 post
749 2519 887 2580 regnum
908 2521 927 2560 a
942 2499 1023 2560 Jove
1044 2504 1210 2580 arreptum
1230 2495 1398 2559 inserendi

114 2619 321 2683 videbantur.
369 2619 461 2681 Quae
479 2641 544 2680 non
560 2640 641 2701 opus
658 2624 763 2680 estut
779 2615 883 2679 fusius
900 2638 1057 2680 enarrem.

198 2739 258 2801 His
283 2738 385 2822 igitur
408 2736 562 2821 perfect-is
587 2736 650 2798 iam
670 2735 839 2799 videamus
864 2737 904 2799 de
930 2744 1062 2799 auctore
1088 2743 1122 2798 et
1147 2736 1271 2819 origiue
1297 2736 1396 2818 hujus

113 2858 321 2942 theogoniae.
369 2856 581 2920 Damascius⁶
601 2856 703 2939 igitur
724 2878 795 2919 eam
818 2855 1041 2940 descripturus
1057 2855 1108 2917 his
1123 2855 1232 2919 verbis
1249 2854 1394 2917 orditur:

115 2983 145 3045 ‘H
163 2989 192 3046 δὲ
207 2989 276 3047 κατὰ
290 2987 335 3046 τὸν
346 2984 499 3065 Ἱερώνυμον
514 2986 647 3064 φερομένη
663 2985 708 3045 καὶ
717 2982 883 3052 Ἑλλάνικον,
893 2982 968 3062 εἴπερ
983 2985 1020 3062 μὴ
1036 2983 1109 3043 καὶὸ
1125 2983 1203 3049 αὐτάς
1218 2985 1295 3056 ἐστιν,
1310 2983 1397 3048 οὕτως

114 3105 180 3188 ἔχει.
225 3099 317 3160 (luae
333 3097 380 3159 ita
396 3096 560 3179 intelligo,
583 3103 621 3158 ut
636 3095 719 3156 illud
734 3104 779 3163 καὶ
793 3100 870 3177 post
885 3093 1082 3157 vocabulum
1098 3103 1232 3181 φερομένη
1247 3093 1396 3176 positum

114 3240 193 3280 sono
212 3216 429 3300 distinguam,
452 3214 544 3298 quasi
560 3213 753 3277 Damascius
769 3213 877 3276 dicere
893 3213 1051 3290 voluerit,
1074 3213 1160 3276 tradi
1177 3212 1306 3295 quidem
1330 3235 1397 3274 non

114 3338 221 3400 solum
229 3337 464 3418 Hieronymum
475 3341 642 3397 auctorem
653 3333 751 3415 hujus
762 3332 913 3394 carminis
924 3332 981 3394 sed
993 3332 1092 3395 etiam
1103 3332 1324 3408 Hellanieum,
1336 3331 1395 3393 sed

114 3456 254 3518 fortasse
276 3455 371 3518 illum
387 3455 484 3536 hujus
500 3474 618 3515 nomen
635 3451 802 3528 ementiri,
825 3451 874 3514 ita
894 3459 931 3513 ut
951 3452 1041 3514 solus
1058 3451 1277 3534 Hieronymus
1297 3472 1395 3514 verus

182 3661 190 3690 ¹
209 3664 241 3712 L.
262 3681 283 3712 o.
301 3681 329 3727 p.
350 3667 408 3711 380.

181 3745 253 3797 ’Iu
269 3766 299 3812 p.
320 3753 381 3795 ³81:
411 3743 525 3798 Συνεῖναι
549 3746 577 3798 δὲ
602 3746 673 3816 αὐτῷ
698 3747 765 3810 (scil.
785 3742 888 3817 Χρόνῳ)
913 3745 961 3814 τὴν
982 3741 1125 3816 Ἀνάγκην,
1150 3746 1222 3815 φύσιν
1245 3743 1324 3796 οὖσαν
1346 3745 1396 3813 τὴν
1430 3745 1432 3748 ’

114 3830 194 3902 αὐτὴν
212 3833 256 3884 aul
273 3829 439 3903 Ἀδράστειαν
458 3833 593 3900 ἀσώματον
612 3832 817 3903 ὄιωργυιωμένην
835 3832 861 3882 ἐν
879 3831 952 3883 παντὶ
969 3835 1008 3901 τῷ
1020 3832 1109 3900 αόσμιρ
1122 3840 1173 3883 τῶν
1184 3831 1301 3903 περάτων
1315 3829 1395 3882 αὐτοῦ

114 3918 301 3990 ἐφαπτομένην.

182 4002 337 4069 8ΑίΙιειιαρ.
358 4006 376 4056 l.
397 4024 419 4057 c.
446 4002 490 4062 Τίς
513 4004 543 4057 ἂν
565 4036 590 4043 -
612 4006 656 4057 τὸν
677 4003 785 4076 Φάνητά
810 4005 909 4066 δέξαιτο
934 4035 963 4042 -
989 4004 1167 4076 καταποθῆναι
1192 4004 1239 4057 ὑπὸ
1261 4009 1307 4055 τοῦ
1325 3999 1394 4065 Διὸς,

113 4090 183 4147 ὅπως
200 4089 213 4141 ὁ
233 4087 299 4147 Ζεὺς
317 4090 458 4162 ἀχάριστος
475 4091 578 4160 γένοιτο.

181 4174 192 4204 ⁴
210 4181 336 4242 Atlesap.
356 4179 401 4237 io„
419 4179 452 4227 os.
472 4197 494 4226 o.
515 4183 547 4226 28
564 4197 592 4243 p.
612 4183 644 4225 32
665 4179 694 4234 0,·
713 4182 745 4225 ³2
760 4194 790 4242 ρ.
811 4184 842 4226 36
861 4181 896 4227 Α.
933 4179 1052 4226 Fortasse
1071 4178 1147 4226 etiam
1165 4177 1242 4226 verba
1260 4177 1295 4239 (o.
1318 4182 1347 4224 14
1362 4195 1394 4242 p.

116 4267 145 4311 13
164 4264 215 4325 Ε);
242 4259 378 4332 Ἀθηναῖοι
398 4259 497 4315 Κελεὸν
520 4262 564 4313 καὶ
583 4259 740 4333 Μετάνειραν
757 4259 870 4333 ἵδρυνται
889 4259 962 4318 θεοὺς
985 4264 1016 4311 ad
1036 4261 1132 4325 Orphei
1156 4263 1241 4311 locum
1266 4269 1393 4325 spectant.

114 4347 275 4411 Quamquam
294 4365 341 4413 pro
360 4348 439 4399 Celeo
458 4357 484 4399 et
500 4347 629 4398 Metanira
646 4349 728 4411 magis
746 4347 877 4410 Dysaulen
896 4357 921 4395 et
939 4348 1029 4396 Baubo
1048 4349 1229 4411 expectaveris.

181 4431 241 4484 ⁵L.
261 4454 283 4485 r.
299 4455 329 4500 p.
350 4441 408 4484 ³81.
