3038 4988
511 115 1030 314 ὛὫ-..ψ
1052 250 1093 297 2.
1117 176 1376 327 'sa

692 341 862 348 —-——.

138 456 206 520 nim
222 456 291 519 iure
309 455 390 519 dicit
406 455 643 517 Welckerus
660 455 758 538 (apud
773 455 955 536 Zoegam,
978 455 1002 515 l.
1021 475 1050 516 c.
1066 477 1098 537 p.
1116 459 1177 517 264
1193 455 1262 536 N.),
1280 455 1420 530 Schel-

138 574 260 658 lingii
276 574 513 637 derivationem
529 574 569 636 ab
581 586 664 655 mitt&
675 587 739 665 2¹5]ss
755 578 932 660 μακρόθυμος
940 581 1074 657 propter
1086 572 1269 636 litterarum
1280 594 1420 636 concen-

138 701 208 756 tum
227 695 414 776 elegantem
429 693 533 755 videri
549 699 647 774 atque
663 699 805 755 acutam.
852 693 892 754 Id
908 693 1013 754 solum
1032 700 1101 755 erat
1117 693 1318 775 ambiguum,
1339 714 1420 775 quo·

136 813 234 875 modo
250 815 270 874 J
273 815 395 876 ehovae
414 834 533 875 nomen
554 813 595 875 ad
612 812 794 875 Phoenices
812 810 931 874 deferri
950 818 984 874 et
1001 812 1163 893 quomodo
1180 814 1309 875 Phaues
1325 818 1418 890 „tar-

137 932 197 993 dus
221 931 261 994 ad
282 931 388 994 iram“
410 932 520 994 vocari
540 931 715 1013 potuisset.
762 932 859 994 Nunc
875 952 951 994 vero
973 933 1205 1014 huncquoque
1227 932 1415 1015 scrupulum

136 1050 421 1113 Delitzschius
452 1051 532 1113 mihi
563 1051 701 1126 exemit,
734 1050 789 1133 qui
813 1050 952 1113 fortasse
979 1051 1160 1113 Cabbalam
1184 1050 1294 1134 potius
1321 1073 1418 1133 quam

136 1170 243 1232 Vetus
260 1170 507 1233 Testamentum
528 1172 589 1232 hac
611 1169 645 1232 in
660 1191 694 1231 re
715 1170 899 1232 adeundam
920 1191 991 1232 esse
1014 1193 1065 1233 me
1083 1171 1226 1255 doceret.
1272 1170 1314 1233 In
1333 1168 1418 1233 libro

137 1289 220 1352 enirn
240 1291 344 1352 Sohar
367 1296 466 1372 caput
486 1289 575 1351 illius
595 1288 746 1351 Hominis
764 1287 941 1366 CoelestiS,
966 1289 1020 1370 qui
1043 1311 1083 1352 ex
1105 1289 1218 1352 decem
1240 1289 1419 1373 Sephiroth

137 1417 284 1488 constat,
307 1410 493 1505 appellatur
509 1420 596 1502 pipat
613 1422 693 1499 aaut:
710 1408 900 1491 Arikanpen
916 1411 949 1471 h.
962 1430 990 1471 e.
1008 1410 1125 1493 Longa
1139 1409 1267 1487 Facies,
1291 1417 1419 1472 ceterae

136 1536 247 1592 autem
262 1551 381 1592 novem
398 1529 576 1611 Sephiroth
592 1541 679 1622 ptigit
695 1538 766 1620 'ittjt
782 1529 816 1589 h.
831 1549 859 1589 e.
877 1530 983 1591 Parva
998 1531 1050 1591 vel
1069 1528 1182 1591 Brevis
1199 1529 1324 1592 Facies.
1356 1530 1421 1592 Est

135 1656 246 1712 autem
265 1649 321 1711 ille
338 1649 530 1732 Arihanpen
547 1649 600 1711 vel
616 1648 811 1732 Erehappen
827 1650 932 1725 Aeon,
955 1671 994 1711 ex
1011 1671 1074 1731 quo
1091 1670 1204 1711 omnes
1220 1671 1272 1711 res
1288 1670 1419 1743 emana-

135 1770 284 1831 verunt.¹
323 1769 443 1831 Nonne
459 1767 561 1850 igitur
577 1767 745 1851 aptissime
762 1767 955 1831 Hellanicus
970 1769 1164 1844 Phanetem,
1183 1778 1290 1855 σπέρμα
1305 1779 1420 1856 φέροντα

133 1896 214 1969 θεῶν,
230 1889 292 1950 hoc
309 1887 440 1950 nomine
457 1909 570 1949 ornare
587 1886 718 1970 potuit?
758 1887 931 1950 Quomodo
949 1895 1060 1949 autem
1076 1886 1164 1949 illius
1180 1887 1313 1950 termini
1329 1887 1416 1950 Cab-

132 2006 278 2068 balistici
293 2006 447 2068 notitiam
462 2006 655 2088 accepisset,
674 2005 737 2067 nisi
752 2007 821 2088 ipse
838 2014 930 2068 ortus
946 2005 1064 2068 fuisset
1081 2027 1120 2068 ex
1133 2006 1311 2069 Phoenicia
1322 2007 1415 2070 Gali-

133 2126 223 2188 laeae
240 2125 400 2188 finitima?

218 2244 279 2307 His
304 2245 406 2326 igitur
431 2244 601 2307 omnibus²
627 2251 758 2336 tantum
783 2244 958 2328 impetrare
983 2244 1064 2307 mihi
1086 2244 1214 2323 videor,
1241 2253 1279 2308 ut
1304 2267 1417 2308 omnes

134 2365 334 2441 concedant,
358 2365 464 2426 multa
479 2364 513 2426 in
528 2365 590 2425 hac
608 2363 752 2446 Orphica
769 2363 960 2446 Theogonia
976 2364 1127 2441 inveniri,
1151 2387 1232 2446 quae
1249 2373 1418 2428 auctorem

101 2514 105 2520 ·
133 2485 202 2566 ejus
224 2491 258 2546 et
275 2484 423 2546 Stoicum
441 2483 672 2567 philosophum
696 2489 730 2544 et
745 2484 945 2546 Phoenicem
964 2483 1065 2547 fuisse
1082 2486 1288 2548 confirment.
1336 2484 1418 2546 Cum

134 2712 293 2759 nominatum
311 2724 367 2758 esse
387 2708 499 2770 conjicit.
538 2706 589 2755 Sed
607 2707 695 2755 nescio
717 2722 778 2754 num
803 2708 882 2755 nostri
902 2707 1073 2770 Aegyptologi
1091 2721 1179 2755 revera
1201 2707 1227 2754 in
1245 2710 1418 2757 monumentis

132 2797 181 2845 hoc
199 2812 292 2844 nomen
317 2795 465 2857 repererint.
502 2794 588 2855 Zoega
612 2801 747 2855 propterea
769 2793 794 2841 iu
818 2793 885 2841 hanc
909 2793 1091 2841 derivationem
1113 2793 1212 2852 incidit,
1237 2793 1305 2854 quod
1323 2793 1419 2842 Malela

134 2882 269 2944 Ericapaei
287 2895 381 2929 nomeu
400 2881 580 2942 interpretatur
598 2876 728 2947 ζωοδοτήρ
757 2877 802 2940 (cf.
821 2879 884 2926 Lot.
904 2879 966 2941 Api.
987 2880 1007 2926 I
1022 2895 1051 2942 p.
1072 2878 1141 2940 479).
1179 2877 1305 2939 Equidem
1329 2880 1418 2926 eadem

133 2968 257 3015 adductus
283 2966 488 3015 consideratione
513 2964 652 3025 aliquando
676 2964 789 3011 radicem
807 2970 865 3036 {pap
884 2963 970 3012 fovere
988 2962 1158 3010 adhibendam
1179 2963 1276 3025 putavi.
1314 2961 1380 3012 Cum
1400 2974 1418 3016 te

135 3053 203 3100 enim
230 3053 344 3115 praefixo
373 3051 467 3113 fingere
490 3050 551 3098 iicet
579 3049 761 3096 substantivum
787 3055 866 3117 qnare
890 3048 1012 3110 Archaph
1038 3049 1064 3096 h.
1085 3063 1106 3096 e.
1135 3049 1157 3096 is
1181 3049 1226 3110 qui
1251 3049 1327 3096 fovet.
1366 3046 1418 3097 Sed

136 3137 228 3196 obstat,
249 3139 316 3199 quod
335 3151 387 3184 non
406 3134 538 3193 Hercules,
559 3133 601 3195 qui
621 3148 696 3181 ovum
713 3134 796 3195 gignit
814 3141 839 3181 et
857 3135 933 3193 fovet,
955 3135 992 3182 ita
1010 3134 1160 3196 appellatur,
1181 3135 1224 3181 sed
1244 3133 1353 3192 Phanes,
1374 3135 1418 3196 qui

136 3238 169 3270 ex
187 3237 234 3271 ovo
254 3222 372 3270 nascitur.
1443 3203 1446 3208 ¹

203 3304 212 3334 ¹
232 3308 375 3367 uranei,
395 3306 577 3356 caesaraea
597 3303 690 3366 (aseri.
710 3322 734 3352 v.
753 3305 868 3362 cerina,
886 3305 990 3368 tepea
1009 3303 1094 3368 iau),
1110 3323 1139 3370 p.
1157 3310 1203 3352 iac
1216 3305 1250 3353 zv.
1266 3309 1294 3351 a:
1314 3295 1418 3356 nabars

136 3401 243 3462 plattam
267 3385 356 3445 chiffl
380 3400 445 3444 nitri
469 3401 544 3460 ’,Ἓέὶὲ
563 3400 634 3465 Tit&
658 3400 727 3460 sapa
750 3400 840 3444 amit.
879 3393 927 3441 Hic
950 3394 1028 3456 igitur
1050 3395 1116 3442 idem
1139 3395 1249 3442 occurrit
1266 3394 1418 3442 vocabulum

134 3471 209 3554 ubit,
224 3495 274 3542 quo
294 3495 370 3542 supra
389 3480 460 3526 illum
473 3479 592 3526 Ulomum
610 3494 625 3527 a
640 3480 735 3527 Mocho
754 3480 902 3542 insignitum
921 3494 976 3527 esse
994 3480 1111 3527 vidimus.
1143 3477 1262 3528 Ceterum
1281 3480 1418 3528 admodum

135 3567 181 3613 crit
200 3574 341 3614 memoratu
361 3564 476 3626 dignum,
504 3565 525 3610 si
549 3562 597 3610 hac
620 3565 732 3611 vnominis
751 3563 892 3626 Eracapaei
916 3565 1071 3612 derivatione
1093 3565 1154 3612 viris
1178 3566 1259 3613 doctis
1277 3565 1419 3628 approbata

135 3651 185 3698 ium
209 3651 312 3698 saeculo
336 3665 359 3697 a.
380 3647 426 3698 ch.
452 3651 564 3697 secundo
587 3651 721 3696 terminum
747 3649 818 3697 illum
843 3651 869 3697 iu
892 3648 1006 3698 Cabbala
1030 3649 1131 3697 obvium
1154 3657 1206 3697 tam
1229 3651 1314 3699 tritum
1338 3650 1417 3699 fuisse

134 3737 269 3796 evincatur,
291 3745 318 3784 ut
336 3737 362 3783 in
380 3736 536 3784 Phoenicum
557 3737 749 3797 cosmogoniam
768 3749 885 3783 emanare
904 3737 1024 3798 potuerit.
1060 3737 1099 3784 Ita
1118 3737 1186 3784 euim
1206 3736 1256 3783 iam
1274 3750 1326 3784 non
1344 3736 1417 3785 dubi-

133 3823 250 3882 tandum,
278 3823 336 3883 quin
362 3823 436 3868 istius
454 3820 579 3868 Judaicae
598 3821 776 3883 philosophiae
799 3823 938 3883 primordia
955 3823 994 3869 vel
1019 3823 1050 3869 ad
1069 3823 1283 3870 Maccahaeorum
1301 3827 1418 3883 tempora

134 3909 277 3955 revocanda
295 3907 355 3954 siut.

202 3989 212 4019 ⁹
230 3993 299 4039 Aridi
315 3992 422 4039 fortasse
435 3998 528 4053 potest,
549 3992 615 4052 quod
630 3989 752 4039 Hercules
766 3998 791 4039 et
804 3991 904 4040 Phaues
917 3999 942 4040 et
953 3993 998 4040 illa
1017 3989 1084 4061 ἄλλη
1098 3992 1172 4061 γενεή
1187 3993 1232 4054 (cf.
1242 3992 1285 4057 p.)
1305 3993 1417 4055 speciem

134 4078 252 4125 habuisse
272 4077 442 4138 serpentmcm
455 4077 581 4134 dicuntur,
603 4090 658 4122 cum
673 4076 815 4125 Phoenices
834 4078 959 4140 imprimis
978 4086 1003 4126 ct
1016 4079 1135 4142 Aegyptii
1155 4086 1298 4140 serpentem
1316 4092 1416 4126 sacrum

133 4165 253 4212 duxerint
272 4163 304 4210 ci.
326 4163 451 4211 Sanctae.
468 4180 498 4225 p.
518 4168 563 4208 44:
589 4156 642 4228 Τὴν
662 4161 708 4228 μὲν
726 4159 769 4212 οὖν
787 4167 831 4213 τοῦ
850 4157 992 4233 Δράκοντος
1010 4162 1143 4232 φύσινκαὶ
1161 4171 1213 4214 τῶν
1231 4161 1315 4233 ὀφέων
1340 4160 1417 4218 αὐτὸς

135 4247 277 4309 ἐξεθείαοεν
302 4247 314 4297 ὁ
334 4243 449 4302 Teroua
466 4245 511 4296 καὶ
536 4243 589 4313 μετ’
609 4245 685 4296 αὐτὸν
710 4244 782 4302 αὖθις
800 4245 915 4303 Φοίνικες
933 4265 960 4297 τε
984 4247 1028 4297 καὶ
1047 4243 1178 4316 Αἰγύπτιοι
1197 4285 1290 4298 .....
1312 4247 1349 4298 διὸ
1372 4247 1417 4298 καὶ

135 4336 160 4386 ἐν
181 4336 256 4406 ἱεροῖς
274 4340 348 4385 τοῦτο
367 4333 395 4384 τὸ
416 4333 479 4391 ζῶον
496 4332 539 4383 καὶ
559 4332 584 4382 ἐν
602 4331 746 4403 μυστηρίοις
759 4331 979 4404 ουμπαρείληπται
993 4372 999 4384 .
1015 4372 1020 4383 .
1036 4372 1042 4384 .
1058 4330 1172 4388 Φοίνικες
1191 4332 1218 4384 δὲ
1238 4331 1300 4384 αὐτὸ
1319 4330 1417 4401 ἀγαθὸν

135 4418 242 4489 δαίμονα
260 4419 387 4471 καλοῦσιν.
