3038 4988
737 201 778 261 40

114 404 242 467 Deinde
257 404 291 466 in
307 405 429 486 hymno
446 402 621 467 Homerico
638 401 672 465 in
688 404 802 485 Apoll.
820 405 921 486 Pyth.
939 427 970 466 v.
991 407 1051 468 130
1069 404 1158 484 (coll.
1177 407 1209 468 h.
1230 404 1264 468 in
1280 405 1404 470 Miner·

114 546 188 587 vam
212 522 384 601 XXVIII,
409 525 439 605 5)
458 522 611 586 ¹Minerva
631 521 781 606 gignitur
805 532 831 590 ἐν
851 531 957 612 κορυφῇ
978 523 1037 607 (sic
1060 523 1203 602 codiceS,
1227 526 1404 589 Barnesius

116 653 147 712 ἐκ
164 644 290 730 κορυφῆς)
307 641 479 720 incertum,
497 649 608 705 utrum
619 641 727 705 infans
743 665 785 706 an
800 641 865 704 iam
881 643 1007 707 adulta.
1032 644 1051 704 J
1054 665 1148 706 ovem
1164 652 1275 707 autem
1291 652 1403 727 partu·

114 762 254 826 rientem
280 785 298 824 a
321 761 472 825 Vulcano
495 761 600 825 securi
624 761 728 825 ictum
751 783 838 840 esse,
865 761 1048 826 Pindarus¹
1072 764 1203 826 demum
1225 763 1327 827 refert
1335 788 1344 839 3
1372 773 1405 828 et

115 889 274 945 armatam
297 881 391 944 deam
416 903 456 943 ex
477 880 568 944 lovis
591 880 698 964 capite
720 881 911 964 prosiluisse
938 882 1061 965 primus
1085 883 1294 946 Stesichorus
1315 890 1403 947 teste

115 999 286 1084 Apollonii
296 989 502 1064 Scholiasta’
518 1000 674 1063 narravit.
700 1000 830 1063 Ouibus
846 1001 942 1064 variis
960 1002 1107 1086 ejusdem
1124 1001 1171 1064 rei
1186 1001 1403 1066 relationibus

115 1119 143 1182 si
159 1119 299 1204 denique
316 1119 434 1197 addas,
458 1119 639 1182 Minervam
664 1119 698 1183 in
714 1119 828 1183 multis
846 1121 1003 1184 Graeciae
1019 1121 1101 1184 locis
1124 1143 1165 1184 ex
1187 1144 1271 1203 aqua
1286 1123 1340 1184 vel
1363 1142 1403 1184 ex

115 1239 250 1303 Tritone
274 1239 372 1302 fluvio
398 1245 503 1302 ortam
525 1238 672 1302 habitam
696 1261 782 1318 esse,
809 1239 865 1303 vix
884 1240 1068 1304 mirandum
1094 1240 1172 1319 erit,
1199 1240 1227 1303 si
1250 1241 1402 1323 Orpheus

116 1380 244 1441 quoque
260 1357 458 1441 peculiarem
479 1366 513 1421 et
529 1358 661 1441 quidem
677 1359 889 1442 simplicitate
908 1359 1072 1443 insignem
1088 1361 1128 1424 de
1144 1362 1216 1444 ejus
1233 1360 1312 1424 deae
1329 1382 1402 1442 pro-

116 1476 281 1541 creatione
298 1477 455 1541 fabellam
472 1485 605 1541 secutus
622 1478 789 1563 scripserit
805 1489 901 1566 μέλλεν
917 1489 969 1548 ἀπὸ
984 1488 1096 1566 κραδίης
1109 1489 1257 1566 προφέρειν.

168 1595 170 1600 ’
201 1598 291 1660 Haec
308 1597 410 1680 igitur
426 1604 512 1675 sunt,
538 1619 619 1680 quae
636 1597 676 1661 de
692 1598 851 1664 Phanetis
868 1598 1015 1681 cataposi
1030 1599 1217 1662 traduntur.
1264 1598 1358 1662 Quae
1375 1598 1403 1661 si

117 1716 223 1780 animo
239 1739 351 1780 rursus
368 1717 546 1800 perlustro,
569 1717 603 1779 in
621 1717 727 1780 arenis
744 1718 877 1781 domum
894 1726 1062 1782 exstruere
1078 1717 1159 1780 mihi
1174 1716 1321 1795 videtur,
1346 1717 1402 1800 qui

116 1835 183 1898 illis
199 1857 316 1898 novem
333 1834 661 1898 Pseudoaristotelici
675 1836 752 1899 libri
767 1837 916 1900 versibus
933 1837 1049 1915 fretus,
1068 1859 1148 1919 quos
1164 1858 1270 1919 neque
1287 1858 1402 1900 omnes

117 1955 237 2019 veteris
259 1955 393 2038 originis
416 1977 486 2018 esse
508 1977 583 2032 nec,
606 1955 633 2018 si
656 1958 718 2019 hoc
736 1957 847 2034 dat-ur,
871 1957 905 2019 in
921 1955 1113 2039 Theogonis
1128 1955 1234 2038 magis
1251 1978 1349 2038 quam
1368 1955 1403 2019 in

117 2074 257 2159 Hymnis
278 2074 414 2138 infuisse
430 2096 491 2137 nec
508 2074 648 2157 denique
670 2075 863 2139 immutatos
886 2084 920 2140 et
941 2076 1064 2139 formae
1087 2083 1121 2138 et
1143 2097 1257 2138 sensus
1274 2074 1402 2138 ratione

118 2193 232 2257 habita
249 2194 290 2256 ad
305 2202 419 2256 nostra
433 2201 583 2278 tempora
599 2194 785 2278 pervenisse
802 2195 882 2258 satis
900 2203 1025 2259 certum
1042 2195 1096 2274 sit,
1120 2195 1264 2277 aliquam
1281 2194 1402 2278 Orphi-

119 2336 230 2377 corum
257 2313 452 2395 religionem
483 2314 657 2397 mysticam
689 2314 877 2397 excogitare
906 2316 1075 2396 multaque
1100 2315 1140 2378 de
1165 2312 1323 2377 Phanotis
1349 2313 1402 2376 vel

116 2433 248 2496 Amoris
266 2432 317 2495 vel
334 2431 470 2495 Metidis
486 2433 539 2497 vel
555 2433 773 2516 Primogeniti
789 2434 842 2497 vel
858 2433 1036 2516 Eraoapaei
1055 2434 1133 2497 fatis
1149 2433 1313 2515 factisque
1329 2432 1402 2517 phi·

115 2551 284 2635 losophari
299 2551 443 2615 animum
458 2552 604 2616 inducat.

204 2671 365 2735 Consulto
382 2679 493 2735 autem
516 2680 590 2735 tota
606 2675 668 2735 hac
684 2672 917 2756 disputationis
933 2681 1027 2757 parte
1044 2673 1131 2751 cavi,
1155 2695 1195 2737 ne
1212 2694 1253 2736 ex
1269 2672 1402 2736 silentio

116 2791 300 2868 ΡΙαόοαίο,3
318 2791 468 2869 Eudemi,
487 2790 657 2876 Apollonii
673 2792 804 2870 Rhodii,
827 2791 954 2875 Nigidii
970 2792 1113 2876 Figuli,⁴
1137 2793 1224 2875 quod
1241 2799 1345 2875 agunt
1362 2791 1403 2854 de

187 2996 196 3026 ¹
217 3001 315 3066 Olymp.
339 3000 401 3058 VII,
421 3004 452 3047 65
465 3016 503 3063 sq.

185 3080 195 3112 ὅ
215 3085 319 3135 Scholia
336 3090 423 3134 veteru
439 3086 465 3133 ia
477 3086 613 3150 Apollonii
624 3087 803 3149 Argonautica
816 3102 828 3134 e
841 3087 897 3135 cod.
911 3085 1087 3135 Laurentiano
1100 3087 1139 3134 ed.
1154 3085 1190 3135 Η.
1205 3085 1266 3134 Kett
1286 3085 1403 3150 (Liprsiae

121 3168 206 3234 1854),
226 3171 277 3230 IV,
299 3175 363 3218 1310
380 3187 407 3235 p.
423 3176 486 3218 521:
505 3179 604 3242 πρῶτος
623 3167 779 3242 Στησίχορος
797 3168 847 3241 ἔφη
868 3169 911 3220 σὺν
930 3168 1016 3226 ὅπλοις
1035 3169 1065 3220 ἐκ
1082 3175 1129 3238 τῆς
1147 3173 1192 3220 τοῦ
1211 3164 1269 3225 Διὸς
1287 3168 1404 3240 κεφαλῆς

118 3255 282 3326 ἀναπηδῆσαι
304 3254 352 3324 τὴν
373 3250 501 3325 Ἀθηνᾶν,
530 3257 573 3306 ubi
600 3257 678 3306 verba
702 3255 744 3307 σὺν
772 3253 857 3311 ὅπλοις
884 3256 1023 3318 premenda
1049 3256 1174 3304 videntur.
1211 3255 1404 3304 Lobeckius

117 3343 180 3407 Agl.
192 3360 221 3407 p.
237 3346 285 3390 540
304 3342 375 3402 dicit,
394 3341 448 3390 fieri
466 3343 590 3405 potuisse,
610 3351 638 3391 ut
649 3342 781 3405 Apollonii
800 3351 930 3390 enarrator
949 3355 1001 3389 non
1019 3340 1109 3403 legerit
1121 3340 1307 3404 Theogoniam,
1327 3355 1405 3402 quam

118 3428 273 3477 doctissimis
291 3435 404 3477 veterum
423 3425 654 3476 Grammaticorum
678 3427 792 3490 ignotam
811 3426 889 3474 fuisse
914 3424 1032 3488 exemplo
1051 3425 1156 3474 Homeri
1175 3432 1405 3474 commentatorum

119 3515 204 3563 doceri
223 3515 313 3577 possit.
350 3513 386 3562 At
404 3514 425 3562 si
443 3513 550 3561 Homeri
570 3513 812 3563 commentatoribus
832 3511 963 3576 Orpheum
986 3525 1038 3559 non
1056 3511 1141 3573 legere
1158 3511 1240 3573 licuit,
1266 3525 1318 3559 non
1337 3511 1405 3559 idem

117 3600 190 3649 licuit
216 3598 375 3648 Scholiastae
399 3597 546 3661 Apollonii,
572 3600 615 3661 qui
641 3607 693 3647 tam
715 3599 809 3646 multus
833 3598 860 3645 in
884 3595 988 3660 Orpheo
1013 3596 1165 3644 celebrando
1191 3604 1266 3644 esset.
1303 3596 1404 3644 Deinde

118 3686 173 3748 ipse
192 3686 230 3734 vir
248 3685 411 3733 doctissimus
429 3685 491 3749 apt.
507 3701 537 3748 p.
559 3689 607 3732 544
632 3684 710 3732 aliam
730 3681 889 3733 scholiastae
912 3691 999 3733 notam
1017 3682 1050 3730 ad
1069 3680 1208 3744 Orphicum
1226 3680 1405 3744 Theogoniam

118 3771 213 3819 referre
225 3771 332 3819 videtur.
363 3769 535 3818 Nihilominus
554 3777 639 3819 autem
657 3769 905 3818 Hemsterhusii
924 3768 1050 3817 sententia
1068 3782 1101 3816 ex
1112 3767 1161 3816 hoc
1178 3768 1236 3816 loco
1249 3767 1404 3829 colligentis,

119 3854 268 3904 Stesichoro
286 3856 455 3904 recentiorem
479 3855 558 3904 fuisse
578 3854 709 3918 Orpheum
732 3863 876 3918 propterea,
901 3854 969 3916 quod
987 3853 1109 3902 cecinerit
1131 3850 1218 3909 ὅπλοις
1236 3850 1405 3920 λαμπομένην

119 3939 186 4000 κτλ,
206 3941 367 4004 reprobanda
384 3941 492 4002 videtur,
516 3942 637 4003 quoniam
656 3941 731 3989 facile
751 3939 803 3988 fieri
822 3939 914 4002 potuit,
939 3939 1011 3987 utin
1029 3946 1113 3987 vetere
1133 3938 1235 4002 quidem
1253 3937 1406 4000 Theogonis

119 4027 206 4076 fabula
225 4028 256 4076 de
274 4027 405 4076 Minervae
424 4034 480 4076 ortu
499 4027 600 4074 diverso
619 4041 635 4074 a
654 4024 801 4075 Stesichoro
820 4027 896 4074 modo
915 4033 1068 4084 narraretur,
1091 4025 1118 4072 in
1136 4024 1291 4086 Rhapsodiia
1310 4030 1404 4081 autem,

119 4128 183 4176 quas
207 4112 275 4161 solas
299 4111 459 4162 Scholiastae
482 4111 640 4174 temporibus
664 4112 779 4174 vulgatas
803 4112 883 4160 fuisse
906 4109 1045 4159 verisimile
1063 4116 1113 4167 est,
1139 4110 1268 4157 communi
1292 4109 1406 4157 omnium

121 4200 292 4248 recentiorum
309 4208 442 4262 poetarum
460 4196 590 4245 traditioni
610 4196 699 4245 similis
718 4197 816 4245 reddita
834 4204 909 4245 esset.

188 4280 343 4344 ³Zeller,
363 4285 382 4333 l.
403 4301 424 4333 c.
446 4284 468 4341 I,
490 4287 530 4330 72.

188 4367 338 4432 ⁴Z0ega,
359 4371 377 4419 l.
399 4387 420 4418 ο.
436 4386 465 4433 p.
486 4372 546 4416 215.
