3038 4988
671 181 841 276 Α-

111 394 227 471 πρώτων
240 393 332 474 ἀρχῶν
345 405 426 465 quas
436 383 604 446 Eudemus
619 389 866 461 commemorat,
884 382 1017 445 silentio
1033 382 1221 465 praeterire,
1239 405 1313 446 cum
1324 381 1399 446 Ari·

113 503 284 580 stoteles,¹
302 523 399 583 quem
411 523 465 566 cas
480 501 612 564 novisse
629 524 727 584 supra
736 501 888 580 vidimus,
906 502 1004 580 Met,
1022 502 1118 580 XIV,
1134 507 1166 580 4,
1182 525 1216 585 p.
1228 505 1311 566 1091
1327 503 1362 593 b
1378 506 1401 565 4

112 621 248 686 tertiam
272 621 439 684 omiserit?
472 621 560 684 Nam
579 620 690 685 verbis
711 631 736 688 ci
755 629 862 706 ποιηταὶ
882 631 906 689 οἱ
927 630 1033 710 ἀρχαῖοι
1051 628 1135 708 ταύτῃ
1155 629 1268 706 ὁμοίως,
1289 627 1307 710 ᾗ
1327 633 1399 706 βασι·

113 749 199 810 >ledeia
214 750 258 809 καὶ
272 746 364 830 ἄρχειν
378 749 456 827 φασὶν
464 749 495 808 οὔ
510 748 572 815 τοὺς
580 749 701 826 πρώτους
715 747 769 807 οἷον
783 745 863 810 νύκτα
872 749 918 808 καὶ
932 748 1042 825 οὐρανὸν
1056 749 1074 826 ἢ
1089 749 1184 829 χάοςῆ
1194 748 1320 820 ὠκεανόν,
1331 748 1400 821 ἀλλὰ

112 870 158 928 τὸν
178 869 227 929 Δία
247 866 316 922 tres
338 858 517 942 significari
540 859 738 922 clarissimos
759 866 892 943 poetas,
915 859 1112 935 Homerum,
1139 857 1194 940 qui
1216 858 1397 936 Oceanum,

115 978 310 1057 Hesiodum,
338 978 393 1061 qui
415 979 536 1056 Chaos,
561 980 741 1063 Orpheum,
768 978 824 1062 qui
844 978 989 1041 Noctem
1012 977 1214 1059 Ocelumque
1236 976 1401 1060 principes

114 1098 242 1175 reddat,
266 1118 361 1179 spero
381 1098 451 1161 fore
472 1104 511 1160 ut
532 1119 645 1161 omnes
668 1097 863 1175 concedant,
887 1103 1064 1181 postquam
1085 1118 1172 1159 nunc
1195 1095 1275 1158 satis
1297 1095 1400 1158 mani-

114 1215 238 1279 festum
259 1216 384 1279 factum
407 1224 470 1294 est,
492 1217 579 1280 unde
601 1216 656 1279 hic
677 1217 740 1280 istc
758 1216 879 1280 Coelus
901 1222 1060 1297 emergat,
1085 1236 1180 1296 quem
1198 1214 1399 1278 Aristoteles

118 1317 222 1398 altero
245 1336 319 1399 loco
350 1358 416 1399 non
441 1343 688 1400 commemorat.
736 1335 870 1399 Etenim
895 1334 1071 1417 Stagirites
1103 1356 1140 1397 ea
1165 1333 1399 1416 disputationis

119 1475 196 1516 suae
216 1461 307 1538 parte
329 1454 411 1516 nihil
433 1461 575 1539 spectat,
597 1455 661 1517 nisi
675 1462 714 1518 ut
736 1456 951 1532 demonstret,
975 1453 1103 1535 eosqui
1125 1459 1233 1516 certos
1256 1452 1335 1515 deos
1357 1454 1398 1516 ab

116 1570 209 1635 initio
231 1580 357 1656 ponant
379 1596 453 1636 cum
474 1574 514 1636 iis
537 1575 660 1653 facere,
684 1574 740 1658 qui
761 1597 925 1636 summum
940 1574 1064 1636 bonum
1087 1572 1127 1634 ab
1150 1571 1398 1636 elementis‘vel

113 1691 282 1776 principiis
304 1700 495 1756 removeant
512 1700 546 1756 et
561 1693 593 1756 id
608 1704 640 1761 τὸ
654 1703 683 1762 ἓν
698 1715 769 1757 esse
785 1698 978 1777 pernegant.
1020 1693 1190 1774 Orpheum
1210 1691 1314 1774 igitur
1333 1713 1400 1754 non

113 1811 223 1873 minus
239 1834 337 1894 quam
347 1812 527 1875 Homerum
543 1820 578 1875 et
587 1812 770 1876 Hesiodum
787 1811 948 1895 optimum
963 1833 1000 1873 ac
1017 1810 1286 1893 potentissimum
1302 1811 1400 1874 deum

113 1937 191 2012 post
201 1929 266 1993 alia
275 1930 492 1994 imbecilliora
506 1906 640 1995 numina
650 1954 781 2016 ponere,
799 1932 956 1994 admonet
962 1955 971 2006 ;
990 1953 1088 2012 quam
1098 1952 1233 1992 uxorem
1246 1929 1401 1992 habuerit

113 2048 238 2132 primus
255 2049 346 2128 deus,
364 2072 494 2113 narrare
512 2051 735 2134 supersedet.²
1353 2024 1355 2028 Α

201 2168 320 2251 Itaque
336 2169 481 2232 illaNox
496 2169 576 2232 mihi
594 2169 725 2252 quidem
740 2192 807 2232 non
822 2168 953 2232 videt-ur
968 2167 1202 2252 impedimento
1220 2188 1302 2245 esse,
1321 2189 1399 2249 quo-

115 2286 224 2349 minus
246 2287 435 2366 Aristoteli,
456 2288 607 2351 Platonis
631 2288 805 2372 discipulo,
834 2295 868 2350 et
889 2288 1053 2365 Eudemo,
1079 2287 1225 2349 eiusdem
1247 2286 1280 2349 in
1303 2285 1400 2350 disci·

114 2405 206 2488 plina
223 2407 315 2489 quasi
331 2407 455 2490 nepoti,
475 2407 599 2490 Orphei
614 2408 819 2491 theologiam
836 2431 855 2470 a
870 2406 1029 2489 magistro
1050 2406 1238 2469 lectitatam
1255 2404 1400 2489 saepius-

116 2525 226 2607 quein
240 2525 381 2610 dialogis
398 2527 567 2590 laudatam
582 2535 696 2590 notam
713 2526 813 2590 fuisse
831 2506 1060 2590 concidamus.
1086 2527 1141 2588 An
1150 2522 1400 2608 praeferendum

114 2644 257 2723 videtur,
281 2645 362 2708 duos
384 2647 510 2728 fingere
533 2647 694 2730 Orpheos,
719 2645 895 2709 dissociare
915 2646 1092 2708 Platonem
1113 2650 1147 2706 et
1169 2643 1398 2720 Aristotelem,

114 2762 199 2826 nihil
216 2765 297 2827 certi
312 2765 521 2849 respondere,
539 2766 567 2828 si
578 2765 649 2847 quis
665 2765 812 2843 miretur,
829 2764 949 2826 nullibi
963 2764 997 2826 in
1006 2762 1247 2848 Metaphysicis
1262 2763 1400 2825 verbum

115 2880 265 2961 inveniri,
284 2907 348 2967 quo
359 2885 534 2967 aliquando
552 2884 650 2947 aliam
665 2905 794 2968 quoque
810 2883 1025 2966 theogoniam
1036 2876 1215 2965 Orphicum
1232 2881 1400 2945 exstitisse

116 3000 341 3085 significetur?
369 3004 415 3066 Et
429 3025 501 3086 qua
522 3004 658 3067 tandem
678 3004 718 3067 de
740 3004 857 3067 causa?
888 3003 1023 3066 Scilicet
1045 3001 1121 3084 quia
1141 3001 1238 3064 Plato
1255 3000 1400 3063 Noctem

116 3142 184 3183 uon
200 3121 348 3185 dissertis
369 3123 478 3186 verbis
495 3129 730 3186 commemorat
746 3129 845 3205 atque
861 3121 992 3185 nomine
1009 3121 1166 3205 appellat.
1199 3119 1332 3183 Etenim
1349 3141 1397 3197 ea,

117 3262 215 3322 quam
240 3241 347 3304 adhuc
371 3243 462 3305 nacti
486 3265 613 3320 sumus,
645 3243 720 3305 luce
745 3242 901 3326 adspersa
925 3240 1065 3304 forsitan
1089 3239 1188 3303 etiam
1214 3238 1398 3320 contingat,

117 3359 287 3442 caligines
311 3361 429 3442 quibus
450 3383 484 3424 se
499 3362 578 3425 Nox
598 3362 685 3445 apud
700 3363 874 3424 Platonem
891 3360 1052 3438 obvolvit,
1075 3358 1223 3421 scindere
1240 3364 1274 3420 et
1294 3357 1399 3440 ipsam

117 3478 377 3563 deprehendere,
410 3481 558 3562 quamvis
584 3481 652 3544 eius
677 3502 796 3543 nomen
825 3502 987 3562 nusquam
1012 3484 1179 3563 appareat.
1225 3477 1311 3539 Nam
1341 3475 1399 3539 illo

118 3597 247 3682 Cratyli
271 3600 344 3662 loco
366 3622 464 3684 supra
488 3601 622 3663 laudato
645 3601 770 3683 Tethys
793 3598 917 3661 Oceani
941 3608 1083 3684 κασιγνήτη
1105 3605 1253 3683 ὁμομήτωρ
1274 3616 1399 3658 nuncu-

117 3725 226 3802 patur.
251 3719 341 3801 Ergo
358 3719 479 3782 Ocelus
495 3725 589 3803 pater
603 3725 734 3803 praeter
750 3718 897 3796 Terram,
911 3739 1023 3780 eorum
1038 3724 1188 3793 matrem,
1206 3715 1304 3779 aliam
1320 3736 1399 3798 quc-

187 3904 196 3936 ¹
215 3906 340 3958 Similiter
358 3909 436 3958 ctiam
452 3908 529 3968 Met,
547 3910 571 3967 Ι,
591 3913 614 3970 8,
631 3927 661 3973 p.
681 3913 729 3957 989
744 3926 761 3957 a
781 3914 811 3957 10
834 3906 907 3978 (φησὶ
926 3906 955 3958 δὲ
972 3906 1016 3957 καὶ
1031 3901 1149 3962 Ἠσίοδος
1165 3903 1213 3972 τὴν
1230 3910 1279 3974 γῆν
1295 3906 1400 3975 πρώτην

120 3989 236 4062 γενέσθαι
252 4001 305 4045 τῶν
322 3994 460 4062 σωμάτων)
479 3993 566 4044 Chaos
584 4001 644 4043 ante
661 3994 768 4044 Terram
785 3994 899 4057 positum
917 4007 973 4041 csse
991 3992 1091 4041 reticet.

104 4134 107 4139 y
185 4075 253 4128 'Ita
270 4079 339 4128 idem
355 4080 509 4130 Aristoteles
529 4084 617 4147 (Met,
635 4084 660 4142 I,
678 4088 703 4142 4,
719 4100 748 4147 p.
768 4082 845 4130 98411
863 4085 909 4130 27:
930 4075 1050 4136 Ἡσίοδος
1073 4077 1103 4129 δὲ
1126 4076 1248 4137 ,,πάντων
1266 4074 1313 4143 μὲν
1329 4077 1398 4146 πρώ-

117 4181 189 4215 τιστα
212 4164 278 4236 χάος
300 4160 388 4233 γένετ’,
413 4163 494 4237 αὐτὰρ
518 4164 606 4218 ἔπειτα
628 4161 680 4236 γαῖ’
705 4165 874 4237 εὐρύστερνος,
899 4160 940 4234 ἠδ’
965 4163 1030 4236 ἔρος,
1056 4162 1083 4220 ὃς
1106 4162 1225 4214 πάντεσσι
1243 4160 1400 4230 μεταπρέπει

117 4245 310 4314 ἀθανάτοιοιν“)
330 4264 382 4300 non
400 4253 484 4301 solum
503 4267 602 4302 versum
620 4248 672 4321 γαῖ’
691 4249 853 4323 εὐρύστερνος
870 4249 928 4302 κτλ.
953 4251 1061 4313 mutilat,
1081 4250 1125 4298 scd
1144 4247 1222 4296 etiam
1240 4254 1398 4310 sequentem,

116 4335 160 4384 ubi
179 4335 287 4384 Tartara
305 4344 545 4398 commemorantur,
564 4354 669 4402 prorsus
687 4338 800 4402 negligit,
821 4337 883 4399 quia
900 4336 970 4385 solus
987 4335 1068 4383 Amor
1087 4334 1110 4382 ei
1128 4346 1204 4382 curae
1223 4339 1270 4380 est.

1146 4417 1184 4468 ρν
