3038 4988
734 236 774 296 41

111 438 279 515 Phanote,
302 436 398 520 plura
418 436 458 499 de
480 435 549 520 ejus
573 437 666 500 cultu
687 437 914 520 antiquissimo
936 439 1126 522 colligerem
1143 463 1241 523 quam
1262 462 1302 503 ex
1323 440 1403 524 ipsis

113 556 154 621 de
171 578 209 620 eo
226 555 437 620 testimoniis.
452 557 461 588 ¹
495 555 570 620 Dici
585 556 672 620 enim
688 557 744 619 vix
758 564 881 640 potest,
900 581 997 641 quam
1012 558 1141 623 lubrica
1156 567 1255 643 atque
1271 560 1404 625 fallacia

112 675 181 739 sint
197 675 358 759 ejusmodi
375 682 581 757 argumenta.
608 675 735 759 Nigidii
748 676 858 760 Figuli
874 678 1015 741 Romani
1031 679 1156 757 oculos,
1175 701 1270 762 quem
1288 679 1401 743 Cicero

113 794 236 859 dixisse
247 794 351 857 fertur
361 794 467 858 virum
477 795 627 858 doctrina
637 802 671 858 et
681 796 864 860 eruditione
876 797 1060 860 studiorum
1070 799 1401 881 praestantissimum,

114 936 246 978 carmen
261 913 402 997 fugisse,
427 914 514 996 quod
530 914 671 978 fortasse
687 937 753 978 non
769 915 833 977 nisi
853 915 887 979 in
904 919 1060 1001 Aegypto
1083 923 1118 980 et
1134 917 1272 981 Graecia
1287 927 1403 981 notum

113 1033 230 1110 fuerit,
256 1033 325 1117 ipse
349 1034 481 1117 Zoega
506 1034 539 1117 (l.
563 1056 591 1097 c.
614 1057 647 1117 p.
671 1037 743 1117 217)
768 1057 835 1098 non
859 1034 1052 1099 incredibile
1076 1043 1185 1120 putat.
1233 1038 1404 1121 Apollonii

112 1153 325 1218 taciturnitas
346 1175 384 1217 ea
400 1153 440 1216 de
457 1175 555 1217 causa
571 1153 719 1217 excusari
734 1162 862 1237 potest,
887 1155 976 1236 quod
991 1162 1109 1239 poetae
1124 1179 1191 1219 non
1207 1156 1293 1220 sicut
1308 1158 1402 1240 logo·

114 1272 249 1357 graphis
266 1271 406 1350 licuerit,
424 1271 458 1335 in
475 1273 617 1336 carmine
634 1295 692 1336 suo
709 1274 815 1337 multa
825 1275 1055 1357 cosmcgoniae
1072 1276 1252 1358 specimina
1269 1298 1402 1341 conver·

113 1413 194 1470 rere,
213 1392 271 1455 sed
286 1415 352 1456 una
366 1398 498 1455 tantum
513 1391 629 1456 relatio
648 1392 800 1475 eligenda
816 1392 916 1456 fuerit
932 1401 966 1456 et
981 1395 1159 1476 sequenda.
1196 1397 1402 1479 Sequebatur

114 1519 236 1589 autem,
255 1511 310 1594 qui
326 1518 377 1574 est
392 1534 463 1574 mos
480 1533 554 1574 cum
570 1512 709 1575 aliorum
723 1520 795 1575 tum
812 1513 1109 1578 Alexandrinorum
1128 1514 1268 1578 virorum
1286 1516 1401 1579 docto-

113 1653 202 1708 rum,
226 1652 296 1694 eam
314 1652 396 1714 quae
418 1631 581 1713 evulgari
601 1632 763 1694 lectorum
779 1631 966 1696 litterarum
982 1633 1121 1697 scientia
1138 1657 1235 1716 quam
1251 1635 1401 1698 remotis-

113 1749 197 1814 sima
218 1758 318 1814 esset.
365 1750 492 1814 Quodsi
515 1750 720 1828 conceditur,
742 1753 926 1816 Phanetem
947 1753 981 1815 in
1002 1775 1040 1816 ea
1056 1754 1202 1836 Orphica
1221 1754 1402 1837 theogonia

112 1869 223 1932 locum
243 1869 404 1948 tenuisse,
432 1892 514 1952 quae
538 1870 603 1933 iam
623 1870 772 1933 Platonis
797 1893 877 1935 aevo
898 1879 1029 1955 praeter
1050 1873 1187 1937 Hesiodi
1213 1881 1246 1936 et
1266 1873 1402 1937 Homeri

114 1988 259 2052 carmina
280 2011 407 2051 summa
428 1988 529 2052 fuerit
553 1990 751 2053 auctoritate
776 1989 809 2053 in
834 1992 931 2054 rebus
957 1991 997 2054 ad
1019 1991 1214 2075 religionem
1234 1993 1402 2075 publicam

113 2108 353 2192 spectantibus,
371 2131 436 2171 non
448 2109 597 2192 estquod
606 2109 770 2189 miremur,
788 2111 1015 2193 Apollonium,
1034 2111 1260 2174 delicatissimi
1275 2111 1402 2175 fastidii

114 2226 296 2305 hominem,
318 2227 377 2290 illa
398 2235 508 2311 spreta
529 2227 612 2291 alius
635 2229 807 2312 cujusdam
823 2229 987 2312 Orphioae
1010 2230 1178 2294 doctrinae
1201 2231 1401 2335 hneamenta

112 2347 250 2411 reddere
273 2346 427 2410 maluisse
452 2355 521 2410 tam
547 2342 704 2410 obscurae
730 2347 881 2430 originis,
909 2356 946 2412 ut
970 2371 1010 2412 ne
1032 2349 1235 2413 Scholiastes
1256 2351 1398 2434 quidem,

115 2467 208 2550 cujus
230 2465 317 2529 inter
337 2473 433 2529 notas
450 2467 556 2529 multa
576 2466 804 2546 inveniuntur,
827 2489 909 2551 quae
931 2468 1115 2551 antiquiora
1132 2470 1284 2533 habenda
1300 2470 1401 2549 sint,²

115 2607 187 2649 eam
203 2585 371 2669 cognitam
387 2586 541 2649 habuisse
559 2585 718 2649 videatur.
732 2587 742 2620 ³
789 2586 887 2651 Quod
903 2595 1014 2650 autem
1029 2588 1213 2662 Zellerus
1228 2590 1403 2653 Platonem

114 2704 149 2768 in
165 2704 337 2788 Symposio
355 2708 399 2788 (p.
418 2707 534 2787 17813)
555 2704 641 2768 inter
660 2713 765 2768 testes
787 2706 827 2770 de
850 2714 925 2769 ortu
941 2707 1073 2770 Amoris
1095 2708 1323 2791 antiquissimo
1341 2710 1402 2772 Or-

114 2827 237 2908 pheum
258 2848 324 2888 non
345 2825 500 2888 adhibere
517 2832 646 2903 monet,
670 2825 810 2888 fortasse
832 2833 1006 2909 propterea
1021 2827 1153 2890 levioris
1170 2829 1329 2893 momenti
1345 2831 1402 2894 ha·

114 2944 259 3007 bendum
281 2953 348 3023 est,
373 2945 459 3027 quod
475 2945 573 3007 Plato
590 2966 656 3007 non
671 2944 745 3007 dico
762 2943 913 3023 Homeri,
936 2946 994 3009 sed
1010 2946 1261 3011 Homeridarum
1276 2949 1403 3012 nullam

185 3199 338 3254 ¹Consulto
364 3212 448 3253 autem
477 3203 554 3252 omisi
577 3203 721 3273 Pausaniae
743 3205 893 3254 relationem
919 3208 969 3266 IX,
994 3210 1035 3266 27,
1061 3211 1088 3254 2:
1118 3201 1225 3275 Ὠλῆνος
1248 3206 1277 3259 δὲ
1300 3204 1402 3279 ὕστερον

116 3284 235 3359 Πάμφως
259 3307 287 3339 τε
313 3286 362 3358 ἔπη
387 3289 432 3340 ani
452 3282 562 3360 Ὀρφεὺς
585 3285 720 3357 ἐποίησαν,
748 3289 792 3340 καὶ
816 3287 896 3361 σφίσιν
924 3290 1075 3362 ἀμφοτέροις
1101 3291 1261 3361 πεποιημένα
1285 3290 1352 3343 ἐστὶν
1376 3291 1402 3349 ἐς

123 3369 231 3441 Epaone,
262 3371 305 3424 ἰ’νοι
330 3374 370 3426 ἐπὶ
397 3379 451 3431 τοῖς
475 3373 611 3445 δρωμένοις
635 3371 778 3442 Λυκομίδαι
804 3376 848 3427 καὶ
875 3381 956 3427 ταῦτα
985 3373 1086 3427 dimota.
1124 3376 1189 3438 Quis
1214 3378 1281 3426 euim
1306 3393 1339 3427 ex
1360 3379 1399 3428 his

113 3461 198 3509 verbis
217 3461 384 3510 concluserit:
408 3461 517 3524 primum
536 3460 675 3524 Orpheum,
696 3463 756 3525 quia
773 3463 881 3526 hymnos
900 3463 926 3511 in
945 3463 1067 3511 Amorem
1086 3464 1265 3526 composuerit,
1287 3463 1400 3525 ejusdem

114 3547 156 3595 dei
175 3547 253 3595 etiam
270 3548 297 3595 in
315 3547 468 3610 Theogonis
485 3561 537 3595 non
555 3547 732 3596 immemorem
749 3548 843 3608 fuisse3
866 3549 936 3611 atqui
954 3550 1077 3599 Amorem
1096 3564 1152 3599 esse
1171 3550 1319 3611 Phanetem,
1340 3564 1399 3598 cum

114 3632 216 3682 Phanes
235 3634 312 3682 etiam
325 3627 412 3702 ’Ἔρως
430 3633 584 3696 appellatum
604 3648 664 3696 ergo
680 3634 820 3683 Phanetem
838 3636 890 3682 iam
909 3636 935 3683 in
953 3643 1038 3684 vetere
1056 3635 1208 3698 Theogonis
1225 3635 1310 3683 locum
1329 3643 1401 3684 tenu-

114 3718 183 3766 isse?
206 3717 264 3766 Non
282 3719 358 3782 igitur
381 3718 504 3782 intelligo,
529 3719 657 3781 quomodo
676 3717 823 3768 Gerhard
844 3721 874 3784 (l.
895 3738 916 3769 c.
933 3737 963 3785 p.
986 3724 1016 3769 73
1037 3721 1070 3770 N.
1096 3721 1155 3784 168)
1175 3720 1258 3769 dicere
1276 3721 1399 3784 potnerit:

114 3806 224 3863 Phocea,
247 3806 335 3854 demea
352 3805 481 3869 Anclopie
504 3805 550 3853 mit
567 3805 622 3853 dem
639 3821 687 3853 con
707 3805 821 3870 Orpbeus
839 3806 992 3870 bercarpenea
1016 3807 1171 3870 thespiacben
1189 3807 1260 3857 Eros
1277 3808 1400 3856 sinleuoh-

115 3891 175 3939 tend
199 3891 241 3939 iat.
267 3916 295 3925 -
322 3890 422 3939 Deinde
449 3899 539 3938 notum
565 3897 616 3950 est,
644 3891 753 3953 primum
775 3891 975 3955 Aristophanem
1003 3892 1030 3944 in
1053 3893 1152 3942 Avibus
1176 3910 1200 3942 c.
1221 3897 1269 3941 692
1293 3910 1330 3958 aq.
1352 3891 1401 3941 Ovi

115 3976 238 4025 mundani
256 3976 414 4025 mentionem
432 3977 526 4025 facere.
564 3973 614 4025 Sed
633 3984 702 4025 recte
722 3975 823 4025 Schob:
849 3982 931 4028 ταῦτα
949 3975 997 4028 οὐκ
1016 3977 1155 4046 ἀναγκαῖον
1173 3974 1323 4029 ἀπευθύνειν
1340 3977 1401 4047 πρὸς

116 4058 148 4111 τὰ
163 4055 283 4112 ‘lintion
302 4059 319 4130 ἢ
337 4060 399 4131 πρός
416 4079 471 4113 τινα
490 4059 569 4113 ἄλλου
586 4060 651 4117 τινὸς
664 4060 824 4131 pascito-a.
862 4062 982 4113 Ceterum
995 4065 1072 4113 etiam
1085 4067 1116 4114 de
1128 4065 1281 4127 Epimenide
1294 4064 1400 4127 cogitari

116 4155 205 4210 posset
223 4148 269 4209 (cf.
289 4150 410 4198 Damaso.
431 4149 449 4199 l.
471 4166 493 4198 c.
509 4167 539 4214 p.
559 4151 631 4209 333).

185 4229 195 4261 2
214 4233 419 4296 Bernhardy,
442 4236 544 4284 Grtecb.
565 4235 629 4285 Lea
650 4236 690 4294 II,
708 4235 729 4294 1,
750 4240 809 4284 359.

186 4315 196 4346 ³
215 4320 300 4370 Sclml.
321 4322 344 4379 I,
364 4324 412 4368 498
428 4338 457 4385 p.
472 4325 530 4381 329,
550 4320 595 4368 ubi
614 4336 646 4370 ex
664 4321 820 4384 Empedocle
839 4322 920 4370 aliove
938 4322 1092 4386 philosopho
1111 4322 1266 4384 Apollonius
1284 4321 1401 4371 hausisse

117 4404 218 4465 dicitur,
239 4420 305 4469 quae
324 4404 455 4468 Orpheum
474 4414 608 4454 canentem
626 4407 712 4455 faeiat.
