3038 4988
665 249 837 346 —ssL

111 454 348 533 anteponatur,
371 449 489 513 utiam
505 471 546 513 ne
562 455 652 538 Μοίρᾳ
668 451 800 534 quidem
816 450 985 514 subiectus
1000 450 1151 515 videatur
1167 449 1285 534 etipse
1301 471 1391 534 pror·
1452 532 1457 540 1

110 591 166 631 sus
183 590 249 631 non
265 568 412 631 diversus
428 568 589 632 habeatur
604 591 623 632 a
637 568 742 634 totius
758 569 873 633 mundi
888 569 997 633 anima
1012 577 1046 633 et
1062 577 1190 633 natura.
1221 567 1393 654 Ejusmodi

111 694 223 751 autem
238 686 482 770 pantheismum
497 687 563 750 iam
579 695 655 752 ante
671 688 807 753 Homeri
823 695 967 753 aetatem
982 687 1127 771 viguisse
1147 695 1181 753 et
1203 711 1221 752 a
1236 686 1392 771 gentibus

112 805 241 870 Derieis
256 807 310 870 vel
325 806 471 870 Aeolicis
482 806 714 890 Boeotioisque
730 830 847 872 arcane
863 807 903 871 iis
918 807 1058 872 saeculis
1073 815 1293 893 propagatum
1308 828 1392 885 esse,

113 924 231 1009 quibus
248 926 364 1004 Jonas,
388 925 507 1010 quippe
522 926 672 990 homines
690 926 757 990 illis
774 927 944 992 hilariores
964 935 998 991 et
1012 937 1266 1016 φανταστικώτεραι,
1288 926 1394 991 varias

112 1044 249 1108 deorum
263 1044 394 1109 fabulas
410 1045 575 1124 finxerint,
595 1045 788 1111 incredibile
804 1047 945 1111 videtur.
971 1046 1037 1111 Sed
1053 1047 1093 1125 si,
1109 1046 1143 1110 id
1159 1046 1247 1131 quod
1262 1045 1395 1109 minime

112 1186 210 1248 nego,
234 1164 492 1249 polythcismum
513 1164 624 1249 purior
645 1166 825 1230 antecessit
842 1165 990 1250 religio,¹
1012 1173 1125 1230 tamen
1140 1165 1291 1229 homines
1312 1163 1396 1228 anti-

114 1283 288 1367 quissimos
304 1286 412 1348 Deum
433 1306 561 1369 semper
583 1286 643 1349 sub
666 1285 808 1350 hominis
829 1285 973 1368 imagine
994 1285 1057 1349 sibi
1077 1291 1341 1368 repraesentasse
1363 1290 1398 1348 et

113 1402 269 1467 familiari
278 1404 420 1486 quodam
436 1404 505 1487 ejus
517 1404 711 1468 commercio
721 1403 848 1478 fructos
859 1426 930 1468 esse
940 1412 1033 1488 puto,
1050 1426 1110 1468 nee
1121 1403 1268 1467 divinum
1276 1425 1398 1467 numen

114 1545 170 1586 eos
186 1523 280 1605 quasi
301 1523 468 1587 enecuisse
490 1531 528 1586 et
547 1525 646 1587 rebus
661 1523 847 1588 visibilibus
863 1523 968 1588 veluti
984 1523 1122 1588 stercori
1136 1546 1196 1608 par
1210 1521 1396 1587 habuisse'

114 1643 233 1725 Itaque
251 1643 420 1727 Orpheum
434 1641 518 1706 illud

362 1760 430 1820 Ζεὺς
447 1771 546 1835 πρῶτος
563 1763 662 1834 γένετο,
686 1761 754 1821 Ζεὺς
773 1761 879 1821 ὕστατος
896 1725 1075 1836 ἀργικέρααναε
1092 1763 1150 1816 κτλ.

114 1871 191 1948 post
200 1862 383 1926 Hesiodum
393 1863 523 1927 videtur
533 1863 615 1926 mihi
630 1864 800 1928 cecinisse.
825 1865 870 1927 Et
879 1864 1020 1928 fortasse
1034 1886 1075 1927 ne
1090 1866 1153 1927 hec
1165 1863 1298 1946 quidem
1308 1886 1399 1948 sper·

115 1983 258 2046 nendum
275 1983 316 2062 ad
332 2003 404 2045 eam
420 1982 618 2046 sententiam
636 1984 909 2062 confirmandam,
934 1984 1022 2066 quod
1037 1985 1154 2066 supra³
1172 1982 1312 2067 conjeci,
1337 1983 1399 2046 Or-

114 2104 237 2185 pheum
252 2124 350 2165 versu
365 2101 399 2165 in
415 2101 565 2165 Platonis
580 2101 721 2165 Philebo
738 2110 906 2166 asservato
919 2127 925 2164 :
950 2111 1015 2191 ἕκτῃ
1033 2111 1061 2170 δ’
1072 2112 1099 2172 ἐν
1112 2115 1193 2189 γενεᾷ
1209 2109 1401 2170 καταπαύσατε

116 2230 217 2307 κόσμον
232 2230 324 2309 ἀοιδῆς
338 2221 569 2304 respicientem
579 2220 717 2286 Hesiodi
728 2244 858 2286 carmen
874 2244 970 2285 usum
986 2242 1069 2300 esse,
1086 2227 1125 2283 ut
1135 2220 1347 2303 significaret,
1365 2241 1400 2283 se

116 2340 316 2423 theogoniae
332 2362 409 2404 suae
426 2340 662 2425 heroegeniam
677 2363 744 2404 nen
760 2363 831 2405 csse
847 2340 1047 2405 additurum.
1077 2338 1236 2404 Similiter
1252 2338 1353 2402 etiam
1368 2337 1402 2400 in

118 2458 231 2522 fabula
248 2459 287 2522 de
298 2459 317 2520 J
320 2459 389 2522 ovis
406 2466 440 2523 et
450 2460 586 2524 Metidis
597 2460 753 2545 conjugio
764 2460 901 2524 Hesiodi
917 2462 1089 2523 obscuram
1106 2464 1140 2522 et
1156 2457 1277 2522 exilem
1291 2480 1401 2521 narra-

118 2577 244 2641 tionem
260 2578 391 2641 videtur
406 2579 624 2663 amplificasse
641 2587 675 2642 et
691 2580 857 2643 ornasse.⁴
902 2581 1073 2642 Postremo
1091 2577 1167 2640 siin
1183 2575 1401 2661 dijudicandis

118 2697 217 2760 rebus
234 2719 379 2761 summae
396 2697 604 2782 antiquitatis
615 2698 755 2782 caligine
772 2698 898 2762 obrutis
911 2703 1042 2782 praeter
1057 2718 1236 2781 paucorum
1251 2694 1402 2759 testimo-

119 2815 248 2879 niorum
269 2817 502 2881 auctoritatem
518 2818 617 2881 etiam
634 2818 758 2901 aliquid
773 2819 864 2882 valet
878 2816 963 2881 ratio
980 2823 1014 2880 et
1029 2814 1197 2898 analogia,
1221 2836 1315 2898 spero
1331 2813 1401 2877 fore

119 2942 158 2998 ut
180 2934 255 2998 huic
278 2959 406 3019 quoque
424 2937 678 3001 considerationi
700 2960 768 3001 non
792 2937 897 3001 omnis
919 2935 1006 2999 desit
1027 2957 1145 2998 nervus
1168 2941 1202 2997 et
1224 2932 1400 2997 evidentia.

120 3054 301 3119 Quaerenti
311 3055 408 3135 enim,
427 3055 482 3138 qui
492 3056 591 3121 fuerit
601 3079 794 3142 progressus
805 3055 974 3120 doctrinae
985 3055 1025 3119 de
1036 3060 1124 3118 sorte
1135 3053 1316 3117 animarum
1324 3059 1402 3136 post

120 3345 154 3380 ex
173 3329 275 3395 Orpheo
301 3339 402 3395 sumpta
420 3346 476 3381 csse
495 3347 572 3395 quam
590 3348 629 3394 ca,
655 3307 776 3395 quae'de
793 3333 922 3382 Adrastea
945 3340 971 3381 et
987 3333 1034 3381 Ide
1050 3333 1075 3392 I,
1095 3337 1117 3380 l.
1137 3337 1152 3378 4
1172 3330 1204 3379 cf.
1224 3330 1286 3394 Ape.
1302 3346 1332 3394 p.
1353 3331 1401 3376 515

119 3416 265 3477 tradantur,
290 3417 353 3465 mihi
370 3433 521 3480 persuasum
545 3425 592 3467 est.
629 3419 705 3481 Apud
724 3417 866 3466 Hesiodum
891 3417 959 3466 enim
976 3417 1150 3480 Apollodorus
1174 3415 1237 3463 haec
1255 3429 1307 3462 non
1331 3413 1400 3476 legit.

122 3499 173 3550 Sed
192 3501 372 3551 Lobeckius
395 3504 541 3553 necessario
559 3504 623 3552 haec
647 3504 749 3553 silentio
767 3504 904 3567 praeterire
924 3503 1019 3562 debuit,
1045 3517 1103 3550 cum
1120 3500 1202 3549 Metin
1226 3499 1332 3548 omnino
1350 3512 1402 3545 nen

121 3587 153 3635 ab
173 3584 276 3650 Orpheo
295 3596 519 3651 commemoratam
538 3603 594 3638 esse
612 3596 716 3653 propter
733 3588 854 3637 Phanotis
873 3587 1007 3650 cataposin
1026 3587 1128 3635 credere
1147 3583 1299 3649 cogeretur),
1318 3598 1402 3632 rerum

121 3679 206 3720 autem
224 3673 319 3735 potitus
331 3667 428 3742 Δίκην
446 3675 636 3722 asscetetricem
654 3673 738 3722 habet.
764 3672 863 3732 Quibus
881 3672 998 3737 personis
1016 3672 1081 3721 lictis
1100 3679 1125 3720 et
1143 3670 1288 3733 allegoricis
1300 3668 1403 3732 Jupiter

120 3758 235 3805 nendum
255 3759 287 3806 ab
305 3758 420 3807 Hesiodo
439 3760 547 3823 stipatus
565 3766 628 3807 erat.

191 3855 200 3886 ¹
219 3859 260 3908 Cf.
280 3861 351 3909 Max
368 3861 496 3921 Miiller‚
516 3863 622 3928 Eeeayr,
639 3864 674 3910 B.
694 3861 718 3910 Ι.
738 3863 862 3926 Beitrdpe
883 3878 929 3911 aar
950 3858 1402 3925 verpleieasndmneliyioaaoesea·

121 3947 209 4010 sebast
225 3945 342 4010 (Leipzig
363 3948 449 4008 1869),
464 3964 494 4011 p.
515 3949 557 3996 37.

191 4043 259 4096 ’Ita
277 4049 344 4096 enirn
363 4048 492 4113 Pamphus
512 4049 648 4112 (Philocte.
668 4050 775 4099 Hereie.
794 4051 851 4108 ΙΙΙ,
870 4053 901 4096 39
918 4066 947 4112 p.
967 4047 1027 4112 69):

430 4147 483 4202 Ζεῦ
502 4150 612 4210 κύδιστε,
632 4150 733 4219 μέγιστε
751 4147 828 4209 θεῶν,
848 4148 966 4217 alopas
984 4147 1073 4220 κόπρῳ

431 4233 527 4308 μηλείῃ
545 4254 573 4287 τε
591 4236 636 4288 καὶ
655 4233 740 4308 ἱππείῃ
758 4235 804 4287 καὶ
821 4232 947 4307 ἡμιονείῃ.
