3038 4988
671 195 841 291 A.

114 422 307 484 morumque
328 400 473 464 virorum
494 399 615 463 iudicia
636 399 684 462 ita
704 399 902 481 discrepent,
924 404 963 460 nt
984 396 1039 460 alii
1054 396 1087 459 in
1103 396 1143 459 iis
1165 418 1317 459 versuum
1334 395 1400 459 ele·
1478 382 1482 391 ¹

114 521 264 606 gantiam
280 519 440 583 mirentur
456 526 490 582 et
505 525 640 603 propter
656 539 802 582 summae
817 516 996 580 vetustatis
1014 518 1157 578 colorem
1174 538 1230 579 eos
1246 514 1400 578 laudibus

115 640 310 716 extollant,¹
333 637 556 702 Lobeckius
578 659 655 700 vero
672 659 728 700 eos
750 644 906 719 tanquam
923 633 1073 698 inficetas
1095 634 1307 716 trivialesque
1325 656 1399 696 can-

114 760 235 823 tilenas
256 759 415 841 increpet,
441 780 507 820 non
528 764 660 819 tantum
682 755 763 819 mihi
784 777 889 833 sumo,
915 760 953 817 ut
974 754 1159 818 discernam
1180 775 1220 816 ex
1242 752 1400 815 sermonis

116 880 242 956 colore,
273 877 329 960 qui
352 899 466 940 versus
490 876 708 940 vetustiorem
734 874 789 957 qui
812 873 1028 937 recentiorem
1054 873 1215 956 originem
1238 872 1398 935 redoleat.

116 998 181 1061 Sed
200 996 336 1074 sufficit,
358 1004 468 1058 totum
483 1017 591 1058 rerum
612 1016 835 1078 progressum,
859 992 964 1075 qualis
979 992 1014 1055 in
1035 991 1230 1075 fragmentis
1245 990 1400 1069 traditur,

116 1117 224 1180 animo
248 1109 521 1201 perlustrarent
543 1135 792 1197 cognoscamus,
816 1113 943 1176 hiatum
967 1134 1037 1175 esse
1059 1111 1147 1175 inter
1161 1113 1344 1174 Phanetem
1367 1116 1402 1174 et

115 1236 261 1298 Noctem
283 1257 302 1297 a
322 1232 586 1316 fragmentorum
607 1240 740 1296 auctore
764 1232 948 1316 descriptos
969 1231 1058 1294 haud
1079 1230 1211 1294 facilem
1233 1237 1400 1314 superatu.

118 1354 313 1437 Quicunque
338 1352 423 1416 enim
447 1375 466 1415 a
487 1352 602 1434 quovis
629 1351 781 1415 carminis
803 1350 995 1434 theogonici
1020 1349 1179 1433 scriptore
1201 1348 1400 1433 poposcerit,

119 1482 158 1534 ut
173 1471 276 1556 possit
291 1471 396 1556 prima
412 1472 452 1535 ab
470 1471 583 1553 orgine
603 1471 716 1534 mundi

424 1595 457 1642 ed
475 1608 522 1643 sua
538 1601 691 1656 perpetuum
709 1593 834 1641 deducere
852 1601 969 1654 tempora
986 1606 1090 1640 carmen

116 1700 174 1756 aut
190 1700 290 1771 certe,
312 1692 341 1755 si
356 1692 463 1775 magis
478 1693 572 1769 libet,
596 1693 638 1754 ad
653 1691 866 1755 novissimam
886 1692 1022 1754 deorum
1037 1691 1194 1774 prolem,²
1216 1713 1289 1754 eum
1305 1689 1402 1753 mira-

114 1819 227 1875 turum
247 1833 319 1874 esse
335 1811 500 1889 existim0,
523 1834 663 1894 quonam
681 1810 818 1874 consilio
836 1811 999 1893 Orpheus,
1021 1816 1195 1893 postquam
1214 1831 1255 1871 ex
1270 1808 1402 1871 Chrono

116 1931 227 1993 Chaos
250 1932 507 2012 Aetheremque,
531 1951 571 1992 ex
592 1929 644 1992 his
662 1930 771 1993 Ovum
791 1929 1007 2006 Mundanum,
1031 1950 1125 1991 exeo
1148 1927 1288 2010 denique
1309 1949 1402 2011 prae·

116 2050 242 2112 clarum
251 2050 436 2112 Phanetem
450 2048 668 2132 prodeuntem
684 2047 829 2126 fecisset,
848 2051 936 2111 hunc
951 2048 1007 2111 vix
1021 2069 1130 2110 rerum
1145 2047 1290 2130 potitum
1299 2045 1403 2109 Nocti

115 2189 256 2250 regnum
269 2168 458 2231 tradentem
474 2167 616 2231 finxerit.
655 2168 743 2230 Nam
759 2189 841 2250 quae
863 2189 961 2230 causa
977 2166 1116 2250 cogitari
1132 2173 1255 2250 potest,
1277 2187 1402 2228 curres

116 2287 214 2349 modo
237 2308 277 2348 ex
294 2287 385 2349 Chao
401 2287 582 2370 productae
605 2293 640 2349 et
654 2308 712 2370 per
731 2285 919 2369 fulgentem
934 2308 973 2349 ac
988 2285 1192 2369 splenditum
1206 2287 1400 2362 Phanetem,

118 2405 174 2487 qui
191 2413 242 2467 est
263 2404 335 2488 ipsa
349 2405 462 2482 Metis,
488 2405 640 2469 conditae
657 2414 691 2468 et
713 2405 893 2483 ordinatae,
917 2428 1027 2467 rursus
1049 2405 1090 2468 ad
1107 2404 1226 2467 Noctis
1248 2405 1402 2468 tenebras

117 2524 328 2587 relabantur?
360 2526 415 2588 An
431 2525 507 2607 quia
523 2524 638 2588 Amori
658 2564 690 2571 —
710 2547 787 2586 nam
802 2524 830 2587 is
853 2546 982 2606 quoque
998 2525 1129 2587 Phanas
1154 2530 1258 2586 est-
1279 2525 1401 2607 conjux

118 2642 268 2705 addenda
291 2642 467 2706 videbatur
490 2666 596 2726 neque
613 2643 683 2707 alia
708 2642 838 2725 dignior
860 2650 944 2721 erat,
972 2665 1054 2726 quae
1077 2665 1151 2706 cum
1176 2665 1213 2706 eo
1236 2641 1402 2706 consocia·

116 2770 219 2839 retur,
238 2784 335 2843 quam
351 2763 438 2841 Nox,
457 2762 588 2826 assidua
603 2762 687 2826 lucis
703 2762 903 2846 pedisequa?
935 2764 983 2825 At
999 2762 1137 2825 Hesiodi
1153 2784 1282 2845 quoque
1299 2764 1403 2825 Amor

118 2881 249 2944 caelebs
272 2887 324 2944 est
344 2902 450 2963 neque
473 2881 548 2944 inde
570 2888 675 2966 patet,
702 2902 801 2964 quare
818 2905 899 2964 opus
922 2881 1036 2959 fuerit,
1063 2888 1101 2944 ut
1115 2882 1246 2945 Phanes
1270 2903 1402 2966 prorsus

117 2998 254 3082 imperio
279 3022 314 3062 se
336 2999 506 3064 abdicaret
531 3007 564 3063 et
585 3023 644 3084 per
669 3022 872 3084 consequens
894 3008 1025 3084 tempus
1050 3001 1136 3064 iners
1158 3006 1192 3064 et
1215 3021 1319 3084 paene
1345 3000 1402 3062 ob-

118 3117 239 3181 livione
257 3119 395 3182 obrutus
416 3119 449 3182 in
467 3119 619 3203 conjugis
642 3127 736 3183 antro
753 3119 894 3198 sederet,
919 3121 1023 3183 donec
1039 3143 1058 3182 a
1073 3121 1155 3182 Jove
1178 3120 1400 3183 devoraretur.

118 3237 238 3300 Nonne
263 3238 290 3300 is
312 3259 481 3321 regressus
506 3239 737 3322 potiusquam
763 3261 956 3323 progressus
979 3240 1150 3303 habendus
1176 3240 1246 3301 est?
1279 3239 1403 3301 Contra

118 3356 228 3418 omnia
243 3357 330 3420 bono
348 3357 460 3420 ordine
476 3358 671 3442 procedunt,
689 3358 718 3420 si
729 3358 841 3436 11111111,
859 3365 955 3421 vetus
971 3380 1101 3422 carmen
1117 3359 1254 3421 aNoete
1271 3359 1402 3421 demum

188 3577 257 3628 1cf.
277 3582 339 3646 aql.
356 3599 386 3646 p.
406 3586 465 3641 400,
485 3587 534 3629 404
554 3589 578 3630 et
595 3585 715 3646 Zoega,
736 3585 754 3633 l.
775 3601 797 3633 c.
813 3601 843 3648 p.
865 3585 967 3632 11111.

186 3661 340 3714 ²Preller
365 3666 392 3713 in
419 3667 509 3715 Rhein.
533 3667 603 3716 Mur.
629 3669 662 3716 N.
684 3669 714 3716 F.
735 3669 790 3726 IV,
809 3671 857 3716 379
886 3667 1059 3731 Pherecydem
1086 3668 1147 3716 dicit
1173 3670 1265 3717 Jovem
1291 3669 1402 3731 primum

117 3749 232 3797 omnium
259 3765 344 3799 rerum
369 3750 533 3814 principium,
562 3752 653 3800 deinde
680 3752 810 3814 Amorem,
840 3754 914 3800 tertio
942 3753 1110 3816 Demiurgum
1138 3754 1311 3817 descripsisse.
1351 3752 1401 3802 Sed

117 3833 278 3898 Pherecydes
289 3836 371 3898 magis
387 3837 556 3899 philosophus
570 3845 624 3885 erat
642 3852 719 3899 quam
735 3843 812 3900 poete
831 3836 876 3899 (cf.
890 3840 974 3888 Arist.
988 3840 1053 3888 Met.
1067 3840 1145 3898 XIV,
1157 3856 1186 3904 p.
1203 3845 1264 3888 1001
1281 3842 1294 3889 b
1313 3845 1327 3888 8
1341 3839 1401 3904 sp).

116 3918 211 3967 Nescio
235 3920 326 3982 igitur,
352 3936 385 3969 an
410 3937 443 3970 ex
465 3921 528 3981 hoc,
554 3923 622 3984 quod
640 3922 808 3986 Pherecydes·
824 3924 917 3985 triplici
942 3924 1015 3985 quasi
1039 3924 1135 3986 impetu
1159 3926 1323 3988 genealogias
1342 3940 1401 3974 suas

117 4006 316 4066 consummavit,
340 4007 459 4070 colligere
478 4007 565 4068 liceat,
586 4008 654 4056 idem
673 4009 750 4057 etiam
769 4007 900 4070 Orpheum
918 4009 1021 4068 fecisse,
1048 4024 1124 4072 quem
1142 4010 1294 4059 Aristoteles
1312 4011 1403 4058 eodem

117 4089 176 4136 loco
200 4090 267 4138 inter
288 4093 488 4141 vestustissimos
511 4101 601 4155 poetas
626 4102 765 4142 recenseat.
802 4092 927 4141 Prcller
951 4094 982 4141 ad
1006 4096 1127 4143 tuendam
1151 4110 1223 4143 suam
1250 4096 1402 4143 sententiam

116 4174 215 4222 nullum
239 4177 288 4224 nisi
312 4175 441 4240 Orphicae
465 4177 620 4240 theogoniae
646 4179 791 4240 exemplum
815 4178 920 4227 exhibet
944 4180 975 4240 (l.
996 4196 1018 4227 c.
1034 4197 1063 4244 p.
1084 4184 1132 4228 387
1157 4182 1190 4229 N.
1216 4181 1264 4242 16),
1301 4179 1351 4228 Sed
1376 4181 1402 4229 id

117 4259 204 4321 ipsum
222 4274 290 4309 nnnc
308 4264 454 4324 quaeritur,
477 4278 539 4310 num
556 4263 620 4312 haec
644 4263 770 4312 eiusmodi
792 4263 910 4312 habuerit
927 4278 1090 4327 progressum
1112 4265 1238 4313 interdum
1260 4266 1402 4315 hiscentem

117 4354 143 4391 et
162 4344 341 4408 interruptum.
