3038 4988
385 1325 612 1412 Epimetrum
629 1326 673 1395 de
691 1327 877 1395 Hellanici
893 1326 1111 1411 Theogonis.

195 1499 259 1577 Iis,
284 1521 366 1582 quae
383 1500 423 1562 de
439 1506 551 1562 vetere
568 1498 712 1583 Orphica
728 1499 919 1582 Theogonia
941 1500 1122 1583 disputavi,
1145 1521 1250 1583 pauca
1271 1497 1390 1597 addere

110 1617 192 1680 libet
218 1618 257 1680 de
278 1618 444 1682 Hellanici
474 1625 508 1680 et
534 1619 574 1682 de
595 1618 791 1702 rhapsodica
813 1619 1014 1702 Theogonis.
1060 1619 1207 1681 Primum
1226 1618 1329 1701 igitur
1350 1619 1390 1682 de

109 1737 198 1800 illius
220 1744 415 1819 argumento
438 1745 473 1802 et
488 1737 614 1820 origine
631 1738 852 1821 quaerendum
869 1745 928 1806 est.
973 1739 1047 1802 Qua
1066 1739 1100 1801 in
1115 1760 1149 1802 re
1165 1738 1212 1802 ita
1228 1738 1391 1820 dissepta:
1458 1823 1461 1832 1

109 1855 233 1919 tionem
252 1856 441 1934 instituam,
463 1863 501 1919 ut
516 1857 658 1939 primum
674 1879 836 1935 enarrem,
861 1857 917 1941 qui
935 1857 1035 1920 fuerit
1057 1858 1126 1940 ejus
1142 1879 1335 1941 progressus
1358 1864 1392 1920 et

108 1974 253 2053 indoles,
275 1976 392 2038 deinde
415 1976 456 2038 ad
477 1976 546 2058 ejus
569 1983 736 2040 auctorem
753 1978 806 2040 vel
824 1980 911 2040 certe
928 1983 1071 2040 aetatem
1094 1982 1128 2040 et
1144 1977 1236 2060 quasi
1251 1976 1391 2060 patriam

109 2094 396 2176 pervestigandam
412 2116 559 2178 pergam.

195 2215 268 2276 Jam
291 2215 384 2276 ante¹
409 2214 532 2277 dictum
551 2220 617 2293 est,
641 2213 740 2277 etiam
763 2216 1013 2298 Athenagoram
1032 2214 1226 2298 Hieronymi
1241 2215 1392 2296 Theogo-

112 2332 198 2394 niam
219 2331 252 2395 in
269 2332 493 2396 examinandis
510 2333 664 2415 Orphicis
681 2334 839 2397 doctrinis
856 2335 959 2417 sequi.
1006 2335 1051 2396 Et
1066 2335 1095 2397 si
1111 2333 1182 2416 quis
1199 2335 1392 2415 Athenago-

111 2473 165 2513 rae
183 2459 217 2513 et
233 2451 399 2514 Damascii
415 2453 506 2515 locos
528 2451 575 2515 ibi
595 2451 764 2536 appositos
779 2453 1004 2536 perpenderit,
1026 2453 1167 2516 fortasse
1181 2451 1395 2515 Damascium

113 2572 346 2653 Athenagorae
366 2571 475 2635 verbis
496 2595 592 2634 usum
613 2593 684 2634 esse
706 2570 957 2655 suspicabitur.²
1001 2573 1050 2636 Ut
1069 2580 1107 2635 ut
1127 2574 1191 2636 hoc
1213 2578 1279 2650 est,
1306 2577 1394 2634 certe

113 2691 347 2772 Athenagorae
368 2691 590 2754 narrationem
610 2691 716 2774 magis
741 2691 892 2754 idoneam
915 2714 985 2755 esse
1006 2692 1162 2771 arbitror,
1190 2715 1287 2775 quam
1308 2712 1395 2753 nunc

113 2830 301 2891 sequamur,
326 2832 400 2872 cum
420 2819 455 2873 et
470 2810 601 2893 longior
617 2810 662 2873 sit
682 2817 716 2874 et
731 2810 911 2892 simplicior
925 2810 1092 2874 Damascii
1107 2810 1271 2894 farragine
1288 2809 1396 2873 omnia

113 2928 153 2989 ad
169 2926 293 2991 triades
310 2951 385 2991 suas
398 2929 596 2993 revocantis.
621 2930 842 3013 Hieronymus
859 2929 961 3012 igitur
971 2933 1151 3014 (Athenag.
1165 2952 1194 2993 o.
1207 2934 1246 2994 18
1256 2954 1287 3015 p.
1302 2934 1341 2994 18
1353 2930 1396 3010 A)

111 3046 160 3108 ita
174 3047 387 3130 genealogias
404 3071 479 3110 suas
495 3048 627 3111 videtur
643 3048 864 3112 edomavisse.
911 3048 1057 3112 Primum
1073 3072 1156 3133 aqua
1172 3056 1253 3127 erat,
1276 3070 1317 3111 ex
1333 3070 1396 3131 qua

113 3188 188 3228 mox
208 3165 305 3229 limus
329 3167 462 3230 coaluit.
508 3168 583 3231 Duo
604 3166 706 3251 igitur
726 3167 844 3230 habuit
864 3167 1022 3253 principia
1045 3191 1150 3252 neque
1174 3191 1214 3232 ex
1229 3166 1395 3231 Damascii

182 3369 231 3434 ¹5.
252 3379 276 3421 ο.

181 3454 192 3484 ²
210 3457 401 3521 Athenagoras:
425 3452 476 3510 Ἧν
493 3457 541 3530 γὰρ
561 3456 629 3531 ὕδωρ
648 3458 717 3531 ἀρχὴ
740 3455 796 3511 κατ’
816 3459 892 3511 αὐτὸν
912 3462 978 3523 (scil.
996 3455 1107 3533 Ὀρφέα)
1125 3466 1179 3518 τοῖς
1197 3460 1272 3520 ὅλοις,
1298 3458 1396 3512 ἀπὸδὲ

113 3546 157 3592 τοῦ
177 3538 268 3598 ὕδατος
293 3540 345 3599 ἰλὺς
362 3543 490 3613 αατέστη,
516 3544 546 3595 ἐκ
565 3544 593 3596 δέ
612 3543 741 3615 ἑκατέρων
763 3543 887 3615 ἐγεννήθη
907 3545 971 3604 ζῶον
994 3545 1096 3617 δράκων
1113 3546 1317 3618 πρὸςπεφυαυῐαν
1335 3543 1396 3618 έχον

113 3626 230 3697 κεφαλὴν
255 3626 356 3684 λέοντος
381 3627 438 3692 (καὶ
464 3627 548 3698 ἄλλην
570 3628 687 3700 τούρου),
720 3627 760 3680 διὰ
785 3629 863 3696 μέσου
888 3630 916 3682 δέ
941 3629 1026 3682 αὐτῶν
1049 3628 1110 3683 θεοῦ
1140 3629 1283 3702 πρόςωπον,
1315 3627 1396 3700 ὄνομα

110 3706 247 3783 Ἠρααλῆς
264 3712 309 3765 οιαὶ
326 3711 430 3784 Χρόνος.
450 3715 617 3763 Damascius:
638 3710 693 3781 Τὴν
709 3711 798 3785 τρίτην
816 3713 900 3785 ἀρχὴν
919 3713 985 3781 μετὰ
1002 3714 1049 3772 τὰς
1067 3715 1111 3766 δύο
1129 3713 1283 3786 γεννηθῆναι
1300 3717 1347 3784 μέν
1366 3715 1397 3768 έα

112 3798 218 3857 τούτων,
238 3795 329 3854 ὕδατος
340 3797 408 3869 φημὶ
424 3797 469 3849 καὶ
485 3803 532 3867 γῆς
549 3799 585 3862 (h.
600 3813 623 3846 e.
638 3795 687 3868 ὕλη
701 3800 739 3848 vel
758 3797 822 3862 ἰλὺς)
841 3798 867 3859 ἐξ
879 3799 911 3869 ἧς
928 3800 1011 3871 ἐπάγη
1028 3800 1045 3869 ἡ
1062 3806 1096 3871 γῆ
1121 3802 1285 3865 (Damascius
1302 3810 1396 3851 temere

113 3892 194 3932 mutat
212 3884 309 3948 Orphei
328 3885 489 3933 sententiam.
526 3885 576 3933 llla
593 3885 662 3932 euim
681 3882 735 3940 ἰλὺς
753 3891 890 3954 ποαυσ.γῆ
909 3894 959 3949 est,
986 3902 1052 3950 quae
1071 3903 1104 3937 ex
1127 3889 1234 3937 dimidia
1253 3888 1301 3938 Ovi
1324 3903 1396 3937 mun·

114 3970 173 4017 dani
191 3977 256 4018 testa
274 3971 342 4018 facta
360 3978 411 4027 est,
436 3985 519 4032 neque
539 3965 577 4039 Γῆ
597 3971 657 4030 dea,
683 3985 748 4032 quae
766 3971 888 4020 Phanetis
907 3972 960 4020 filia
976 3973 1075 4021 videtur
1092 3973 1196 4036 fuisse),
1224 3972 1348 4043 δράκοντα
1367 3971 1396 4024 δὲ

114 4050 179 4103 εἶναι
196 4053 311 4123 αεραλάς
329 4052 423 4126 έχοντα
441 4052 643 4125 προςπεφυκυίας
662 4054 756 4125 ταύρου
774 4055 818 4106 καὶ
840 4054 950 4116 λέοντος,
970 4057 997 4108 έν
1020 4058 1091 4127 μέσῳ
1117 4057 1145 4108 δὲ
1169 4054 1230 4108 θεοῦ
1254 4056 1393 4127 πρόςωπον,

115 4135 184 4208 ἔχειν
203 4138 293 4189 δὲκαὶ
316 4139 426 4192 ἐπὶτῶν
445 4142 523 4208 ὤμων
541 4139 635 4212 πτερά,
662 4137 811 4208 ὠνομάσθαι
830 4140 858 4192 δὲ
876 4140 967 4213 χρόνον
986 4141 1114 4213 ἀγήρατον
1137 4141 1181 4192 καὶ
1195 4137 1335 4213 Ἡρακλῆα
1353 4141 1396 4192 τὸν

115 4221 199 4273 αὐτὸν.
235 4223 365 4273 Nonnulla
382 4226 536 4276 Damascius
558 4228 599 4276 vel
616 4227 723 4276 mutarit
741 4228 779 4276 vel
804 4228 903 4276 addidit
920 4243 953 4276 ex
971 4229 1022 4277 alio
1040 4229 1118 4288 libro,
1144 4229 1188 4276 sed
1207 4229 1287 4276 multa
1309 4229 1346 4276 ita
1362 4228 1395 4277 ad

114 4310 217 4357 verbum
236 4317 392 4373 congruunt,
417 4319 445 4360 ut
461 4312 553 4360 mirum
572 4321 652 4374 esset,
678 4313 699 4361 si
718 4328 779 4365 casu
797 4314 848 4362 duo
872 4314 1009 4376 scriptores
1028 4315 1134 4364 eandem
1158 4327 1211 4362 rem
1234 4313 1324 4361 iisdem
1342 4313 1395 4362 sere

114 4394 197 4442 vorbis
216 4396 394 4446 armavissent.

1164 4485 1182 4533 6
