3038 4988
739 228 779 288 16

118 426 294 490 Nihildum
315 427 402 490 enim
423 427 512 490 illius
534 428 740 506 „materialis
761 427 987 512 pantheismi“
999 429 1008 460 ¹
1032 427 1170 511 Orphici
1186 427 1274 510 apud
1288 428 1403 491 Plato·

117 567 194 609 nem
219 552 401 629 comparet,
427 545 491 608 nisi
515 546 601 610 forte
626 553 734 629 putas,
762 568 835 610 eum
860 553 1034 630 propterea
1057 553 1169 610 vatem
1193 546 1403 609 Libethrium

118 665 319 748 pantheismi
340 687 528 743 accusasse,
553 666 640 748 quod
660 667 829 728 Oceanum
851 664 996 728 omnium
1015 687 1124 728 rerum
1144 672 1272 747 patrem
1293 666 1402 729 reddi-

118 784 215 862 derit,
241 783 274 846 id
300 785 386 866 quod
411 807 430 847 a
451 784 601 847 Platonis
627 806 716 846 more
738 791 836 867 atque
861 784 993 866 ingenio
1016 783 1151 846 nonita
1172 784 1315 846 alienum
1338 791 1400 847 est.

118 904 279 966 Attamen
296 925 332 965 ec
350 903 447 965 modo
464 925 530 966 non
541 902 658 966 minori
674 904 742 966 iure
753 903 916 966 Homerus
933 903 1123 986 pantheista
1139 902 1249 966 vocari
1264 903 1400 985 poterit.

204 1021 288 1084 Oum
317 1021 421 1104 igitur
451 1043 488 1084 ea
519 1044 601 1104 quae
632 1022 740 1085 adhuc
766 1023 866 1085 attuli
896 1043 955 1085 nec
986 1021 1167 1104 perspicuis
1193 1028 1227 1084 et
1251 1021 1401 1084 dissertis

117 1139 226 1202 verbis
251 1147 285 1203 et
309 1141 513 1222 argumentis
538 1164 599 1203 nos
628 1147 766 1223 cogant,
798 1148 836 1203 ut
861 1147 938 1205 ante
964 1140 1102 1203 Ocelum
1126 1140 1208 1203 alios
1232 1139 1266 1203 in
1290 1147 1401 1203 vetere

28 1319 31 1323 .
120 1258 244 1341 Orphei
257 1259 448 1341 Theogonia
465 1260 543 1322 deos
559 1260 777 1343 praecessisse
793 1259 968 1343 fingamus,
985 1281 1046 1322 nec
1063 1259 1156 1341 quasi
1170 1281 1229 1341 per
1244 1259 1401 1341 ambages

117 1399 178 1440 nos
199 1378 247 1439 ita
268 1377 309 1440 ad
331 1399 386 1440 eos
408 1379 605 1457 conducant,
627 1386 666 1441 ut
682 1379 855 1463 cujusdam
875 1379 1043 1442 doctrinae
1066 1400 1139 1440 cum
1161 1378 1200 1440 iis
1217 1378 1400 1441 necessario

119 1517 284 1558 connexae
301 1497 442 1579 vestigia
461 1498 616 1580 prodant,
638 1498 703 1560 imo
727 1497 835 1560 omnia
855 1496 1075 1575 consentiant,
1094 1497 1255 1579 Orphicas
1273 1497 1400 1560 Genea·

117 1615 224 1697 logias
250 1615 341 1698 (licet
368 1616 536 1679 nonnullis
562 1616 644 1679 locis
670 1615 916 1679 obscoenitates
937 1623 971 1679 et
991 1614 1138 1678 facinora
1163 1617 1298 1679 deorum
1322 1615 1402 1678 alibi

117 1756 183 1796 non
200 1734 296 1797 obvia
308 1734 541 1818 continuerint)
559 1735 690 1798 omnino
707 1735 754 1798 sic
766 1735 942 1817 dispositas
959 1735 1071 1813 fuisse,
1089 1741 1128 1799 ut
1143 1741 1215 1798 tcto
1233 1734 1345 1797 ordine
1362 1756 1399 1796 ac

117 1875 295 1935 progressu
324 1853 474 1916 carminis
504 1855 649 1936 aliquam
676 1855 876 1939 peculiarem
905 1855 945 1917 de
970 1877 1078 1917 rerum
1107 1853 1274 1938 principiis
1300 1860 1400 1935 atque

117 1979 234 2035 natura
251 1972 433 2035 doctrinam
449 1995 516 2035 non
531 1972 747 2055 prodiderint,
769 1981 954 2057 propterea,
971 1972 1116 2055 inquam,
1134 1972 1214 2035 mihi
1232 1972 1298 2035 iam
1313 1993 1400 2034 nunc

116 2113 310 2174 persuasum
326 2098 387 2168 est,
412 2099 556 2154 veterem
577 2092 697 2155 librum
719 2115 785 2155 non
807 2093 947 2155 eundem
963 2091 1064 2154 fuisse
1082 2113 1156 2154 cum
1173 2113 1222 2167 eo,
1241 2113 1304 2173 quo
1321 2093 1401 2153 Pro·

118 2211 189 2273 clus
205 2234 283 2273 usus
300 2209 354 2287 sit,
373 2211 431 2273 sed
447 2233 467 2273 a
481 2211 746 2293 Rhapsodiarum
762 2217 895 2274 auctore
911 2211 999 2274 varie
1016 2231 1087 2273 esse
1104 2216 1281 2272 mutatum.

718 2417 746 2498 s.
768 2417 798 2478 a.

204 2568 268 2630 Sed
291 2567 369 2650 quid
390 2567 544 2630 tandem?
570 2569 702 2650 Ergone
722 2567 761 2630 iis
783 2588 865 2649 quae
886 2574 984 2630 notae
1007 2573 1095 2645 sunt,
1117 2567 1224 2628 tribus
1246 2567 1299 2628 vel
1321 2588 1401 2647 qua-

115 2693 192 2750 tuor
215 2685 368 2770 Orphicis
389 2685 579 2768 theogoniis
600 2709 685 2749 nova
710 2685 842 2768 insuper
867 2686 1017 2749 addenda
1039 2685 1119 2748 erit?
1145 2684 1310 2762 Profectc,
1336 2683 1401 2746 nisi

117 2827 198 2888 quae
220 2806 318 2869 modo
342 2804 582 2889 disputavimus
601 2804 806 2887 gravioribus
828 2804 1032 2887 argumentis
1055 2804 1234 2866 diluantur.
1275 2803 1399 2865 Verum

115 2946 156 2987 ne
171 2924 205 2987 in
221 2924 355 2986 minima
378 2923 510 3006 quidem
533 2945 630 2986 causa
652 2923 875 3006 simplicitatis
892 2931 1101 3007 oppugnator
1116 2923 1238 2999 videar,
1257 2922 1399 3004 agedum

115 3043 270 3106 damnum
293 3042 412 3106 sarcire
435 3043 588 3105 conabor.
621 3041 773 3105 Forsitan
795 3042 880 3105 enim
902 3041 1100 3126 Rhapscdiis
1122 3041 1156 3104 in
1177 3041 1257 3104 duas
1273 3046 1397 3124 partes,

114 3161 332 3244 antiquiorem
355 3169 388 3224 et
409 3160 637 3239 recentiorem,
660 3161 834 3244 discerptis
857 3161 1041 3243 contingat,
1069 3159 1258 3223 Aristotelis
1281 3167 1316 3222 et
1332 3159 1399 3222 Eu·

115 3281 202 3344 demi
222 3282 390 3365 Orpheum
412 3302 545 3362 prorsus
569 3301 644 3343 cum
664 3280 849 3357 PlatonicO,
873 3303 891 3343 a
914 3303 976 3363 quc
1000 3281 1107 3342 adhuc
1129 3279 1278 3342 diversus
1298 3280 1399 3340 habe-

113 3401 222 3479 batur,
242 3407 436 3463 connectere
454 3407 487 3462 et
504 3398 597 3481 quasi
613 3397 901 3477 confertuminare,
924 3399 972 3462 ita
988 3407 1026 3461 ut
1042 3400 1147 3462 altera
1163 3397 1277 3461 addita
1292 3397 1398 3459 altera

57 3592 59 3596 Α
114 3520 285 3583 subtracta
318 3519 501 3602 theogonia
536 3517 721 3581 tralaticius
756 3540 911 3581 numerus
947 3541 1012 3581 non
1049 3517 1211 3580 laedatur.
1263 3514 1397 3595 Etenim

114 3615 368 3721 quantacunque
400 3637 573 3701 diversitas
604 3644 656 3700 est
685 3637 899 3721 rhapsodicae
931 3643 965 3699 et
991 3635 1132 3699 Eudemi
1163 3658 1245 3719 quae
1276 3633 1397 3697 dicitur

113 3756 334 3840 Theogoniae,
358 3764 470 3820 tamen
492 3759 573 3819 haec
594 3757 635 3820 ab
657 3755 713 3834 iis,
739 3778 821 3838 quae
842 3757 940 3819 Plato
964 3756 1004 3818 de
1022 3757 1154 3838 Orpheo
1176 3753 1290 3831 tradit,
1307 3753 1396 3816 haud

112 3877 256 3939 multum
271 3875 403 3938 videtur
425 3875 559 3938 distare.
592 3875 739 3937 Primum
761 3875 847 3936 enim
870 3897 951 3957 quae
968 3875 1135 3937 Eudemus
1156 3874 1226 3957 ipse
1246 3872 1398 3935 narrat:²

111 4010 183 4083 τρεῖς
196 4009 298 4082 πρῶται
313 4000 368 4063 κατ’
389 4001 487 4084 Ὀρφέα
502 4002 699 4080 ἐξεβλάστησαν
720 4003 800 4085 ἀρχαὶ
815 4002 858 4071 νὺξ
875 4006 967 4082 ruisi)
988 4004 1032 4063 καὶ
1052 4004 1171 4082 οὐρανός,
1193 3993 1346 4076 prObassi,
1364 3991 1402 4054 ln

112 4116 173 4177 hac
191 4136 319 4198 quoque
337 4113 482 4198 Orphica
498 4113 679 4196 theogonia
697 4113 828 4176 initium
844 4137 863 4176 a
879 4115 977 4177 Terra
993 4121 1028 4177 et
1044 4113 1145 4177 Ocelo
1163 4119 1298 4195 captum
1313 4132 1398 4173 esse.

180 4286 231 4338 ¹A
251 4290 270 4338 l.
311 4326 316 4338 .
340 4294 398 4336 613.

180 4371 190 4402 ¹
207 4306 414 4437 AiudPLydum,
433 4375 475 4423 De
487 4390 564 4422 meas.
580 4374 619 4422 ed.
636 4374 723 4422 Schow
743 4372 860 4436 (Lipsiae
875 4374 959 4433 1794),
974 4372 1014 4430 ΙΙ,
1029 4373 1052 4431 7,
1062 4389 1091 4435 p.
1109 4375 1153 4432 193
1173 4371 1206 4420 cf.
1220 4371 1282 4434 aql.
1294 4387 1322 4434 p.
1337 4373 1400 4417 494.
