3038 4988
768 229 809 294 ⁷4

149 435 255 498 ultra
269 433 385 496 finem
403 432 553 495 saeculi
568 431 726 515 septimi
741 433 854 515 vagari
869 433 995 498 licebit.
1020 435 1172 517 Namque
1182 434 1342 498 nonnulla
1351 435 1426 498 illo-

149 577 220 617 rum
231 552 428 636 scriptorum
443 551 498 615 vel
507 552 549 615 ad
559 551 839 615 Pisistratidarum
849 554 903 617 vel
914 554 1043 617 Solonis
1053 561 1202 640 tempora
1217 576 1318 638 prope
1335 576 1428 618 acce·

150 674 236 751 dere,
254 671 335 735 mihi
350 693 540 755 persuasum
556 673 634 734 est.¹
660 672 789 735 Quodsi
803 679 893 736 recte
910 681 1076 758 computo,
1092 681 1206 738 noster
1216 696 1345 758 quoque
1361 673 1429 738 illis

150 792 278 856 duobus
295 790 468 854 saeculis
484 797 625 854 octavo
642 797 680 853 et
696 791 862 874 septimo
878 793 972 870 vixit,
991 793 1109 876 quibus
1120 792 1250 872 Abaris,
1263 793 1426 872 Aristeas,

150 911 383 974 Onomacritus
407 910 597 988 Locrensis,
629 911 856 994 Epimenides,
888 913 1062 991 Musaeus,
1094 914 1276 998 Eumolpus
1307 913 1429 996 aliique

149 1030 270 1095 vixisse
292 1030 457 1093 dicuntur.
502 1029 610 1113 Hujus
632 1036 742 1094 autem
762 1030 861 1114 spatii
881 1055 992 1094 rursus
1014 1031 1229 1096 contrahendi
1251 1039 1286 1096 et
1307 1033 1428 1095 aetatis

151 1150 275 1234 Orphei
292 1149 390 1212 certis
406 1149 499 1213 annis
516 1148 830 1214 circumscribendae
846 1172 949 1235 paene
964 1152 1057 1216 nulla
1066 1152 1263 1234 relinquitur
1272 1174 1362 1215 ansa.
1388 1152 1430 1215 In

151 1271 340 1354 conjectura
360 1269 463 1352 igitur
483 1268 592 1352 posita
608 1276 722 1348 sunto,
747 1292 829 1353 quae
850 1270 949 1334 etiam
965 1271 1136 1335 additurus
1152 1293 1236 1334 sum.
1282 1269 1430 1334 Primum

151 1390 251 1467 subit,
276 1397 402 1452 ceteras
423 1387 620 1471 theogonias
646 1411 720 1451 cum
739 1389 884 1474 Orphica
906 1392 1115 1454 contendere.
1154 1392 1200 1453 Et
1220 1391 1429 1475 Pherecydes

151 1509 297 1594 quidem,
320 1508 468 1572 Thaletis
490 1507 651 1590 aequalis,
675 1510 781 1573 multa
802 1510 882 1573 mihi
904 1509 1034 1573 videtur
1054 1511 1190 1590 habere,
1213 1531 1295 1592 quae
1315 1530 1429 1574 reoen·

150 1629 244 1692 tioris
260 1627 396 1711 originis
417 1626 636 1711 suspicionem
656 1635 822 1692 moveant.
862 1632 1044 1713 Postquam
1060 1630 1145 1694 enim
1162 1653 1260 1714 supra
1275 1629 1429 1708 vidimus,

150 1750 183 1812 in
206 1755 316 1811 vetere
338 1746 483 1829 Orphica
504 1747 696 1830 Theogonis
717 1769 772 1811 eos
794 1749 889 1827 deos,
912 1747 1023 1832 quiin
1043 1749 1242 1835 Rhapsopiis
1267 1750 1308 1812 ab
1333 1748 1430 1812 initio

150 1867 252 1952 positi
267 1876 393 1944 essent,
418 1867 585 1930 Chronum
601 1867 758 1931 videlicet
774 1875 808 1932 et
825 1869 933 1931 Ohsos
950 1876 984 1932 et
1000 1871 1181 1932 Aetherem
1196 1876 1231 1932 et
1245 1870 1431 1932 Phanetem

150 1989 247 2071 plane
271 1986 415 2050 defuisse
441 1993 609 2050 eteorum
635 1988 707 2050 loco
732 1988 892 2065 Noctem,
918 1988 1056 2051 Coelum
1079 1989 1277 2071 Terramque
1302 1995 1431 2052 ceteros

150 2108 230 2171 deos
246 2106 470 2190 progenuisse,
484 2112 594 2169 totum
610 2114 720 2170 autem
737 2108 910 2171 decursum
928 2107 1080 2172 carminis
1096 2108 1137 2171 ab
1151 2107 1289 2171 Hesiodi
1302 2107 1431 2171 Genea·

150 2227 248 2310 logiis
263 2249 330 2290 non
347 2227 491 2289 multum
512 2226 728 2310 discrepuisse
749 2233 783 2291 et
802 2227 891 2311 ipsos
913 2228 992 2291 deos
1013 2250 1080 2290 non
1102 2227 1183 2290 alios
1205 2227 1308 2291 fuisse
1330 2234 1431 2310 atquc

149 2348 324 2431 populares
341 2353 375 2408 et
389 2345 568 2428 legitimos,
584 2384 625 2394 -
641 2346 757 2409 mirum
775 2354 872 2425 esset,
888 2347 914 2409 si
927 2347 1139 2431 Pherecydea
1151 2349 1171 2409 J
1173 2346 1243 2410 ovis
1260 2354 1294 2410 et
1307 2345 1433 2409 Chroni

152 2473 186 2532 et
198 2468 315 2529 Terrae
331 2464 422 2545 trias,
438 2465 465 2527 si
481 2466 550 2548 ejus
566 2466 630 2530 tria
646 2466 820 2545 elementa,
836 2467 863 2529 si
876 2465 1005 2549 Jupiter
1020 2466 1054 2530 in
1066 2469 1223 2531 Amorem
1239 2487 1429 2545 conversus,

152 2587 179 2650 Sl
203 2586 345 2670 quinque
369 2593 452 2677 μυχοί
473 2592 506 2649 eh
529 2591 680 2673 ὑπόπτερος
701 2599 764 2673 δρῦς
785 2594 830 2655 καὶ
850 2596 880 2654 τὸ
904 2592 948 2655 ἐπ’
967 2595 1036 2675 αὐτῇ
1059 2596 1259 2673 πεποικιλμένον
1280 2600 1380 2674 φᾶρος,
1404 2586 1433 2648 Sl

152 2706 291 2790 denique
317 2704 509 2788 Ophionens
534 2712 611 2768 ante
637 2706 763 2788 Orphei
786 2705 952 2788 simplices
976 2705 1106 2770 fabulas
1135 2707 1278 2769 conficta
1307 2712 1430 2769 essent.

152 2827 280 2889 Deinde
296 2824 515 2889 Aristoteles²
539 2824 706 2888 veteribus
730 2825 837 2908 poetis
862 2847 950 2889 mere
975 2825 1257 2910 mythographicis
1282 2825 1433 2889 dissertis

153 2945 261 3010 verbis
278 2967 333 3008 eos
350 2944 496 3028 opponit,
512 2944 568 3027 qui
583 2944 647 3008 iam
663 2944 907 3028 philosophiam
922 2944 990 3008 suis
1005 2945 1130 3029 mythis
1146 2944 1382 3008 admiscuerint
1398 2951 1433 3008 et

153 3067 194 3129 ab
219 3065 343 3147 optimo
367 3064 498 3126 initium
522 3064 796 3148 genealogizandi
821 3063 978 3148 ceperint.
1024 3063 1111 3127 Hinc
1137 3065 1212 3143 hos,
1239 3063 1326 3128 inter
1350 3087 1432 3147 quos

152 3184 360 3268 Pherecydes
385 3191 453 3261 est,
479 3183 546 3246 illis
572 3186 606 3247 h.
635 3206 663 3246 e.
692 3184 852 3262 Homero,
881 3184 1044 3262 Hesiodo,
1075 3185 1207 3266 Orpheo
1232 3183 1433 3248 recentiores

153 3304 283 3369 videtur
305 3282 437 3367 habere.
476 3303 703 3388 Epimenidem
725 3310 835 3366 autem
857 3310 1030 3387 propterea
1052 3303 1176 3388 Orphei
1199 3309 1343 3367 aetatem
1366 3326 1432 3366 non

154 3445 292 3507 aequare
315 3428 411 3506 puto,
434 3423 510 3506 quia
532 3426 685 3505 Orpheus
707 3446 808 3486 unum
831 3429 979 3501 tantum,
1004 3423 1215 3506 Epimenides
1240 3424 1304 3486 duo
1329 3423 1434 3486 habet

155 3543 331 3628 principia,
357 3542 391 3605 id
415 3543 502 3625 quod
526 3542 685 3606 novitatis
709 3541 865 3605 indicium
890 3549 951 3605 est.
999 3546 1173 3606 Praeterea
1197 3542 1298 3605 etiam
1323 3542 1433 3604 Ovum

154 3664 354 3728 mundanum
376 3670 409 3726 et
429 3671 515 3741 Ant,
538 3685 600 3745 quo
622 3661 849 3746 Epimenidem
871 3662 1023 3727 similiter
1044 3671 1142 3745 atque
1163 3661 1326 3746 Orplricos
1346 3663 1433 3725 Pha·

153 3793 231 3849 nete
247 3806 342 3846 usum
359 3804 430 3846 esse
446 3783 560 3866 Lydus
575 3784 717 3860 narrat,³
740 3804 815 3844 cum
830 3782 1090 3865 Rhapsodiarum
1107 3782 1265 3847 doctrinis
1288 3781 1432 3865 quidem,

155 3926 215 3968 nec
239 3910 351 3967 tamen
376 3903 491 3966 eodem
517 3903 586 3965 iure
614 3924 688 3965 cum
716 3900 837 3964 veteris
861 3901 1071 3985 Theogoniae
1098 3901 1322 3981 lineamentis,
1350 3923 1433 3985 quae

156 4048 253 4109 supra
276 4021 556 4099 adumbravimus,
583 4021 722 4085 conferri
744 4030 894 4105 possunt.
940 4025 1112 4087 Postremo
1136 4023 1311 4088 Acusilaus
1335 4021 1434 4085 Cabi-

224 4229 233 4260 ¹
253 4231 293 4281 cf.
314 4229 471 4291 Gerhard,
491 4232 510 4280 l.
530 4248 552 4279 c.
568 4248 598 4293 p.
620 4235 650 4277 18
669 4237 695 4279 et
712 4231 746 4279 N.
767 4234 792 4291 8,
815 4236 860 4278 110
873 4248 911 4295 sp.

224 4315 234 4347 ²
253 4319 317 4367 Mea
337 4316 414 4372 XIV,
432 4321 457 4375 4,
473 4333 503 4381 p.
525 4316 616 4364 1091t
633 4321 699 4380 req.

225 4400 294 4453 ὅθί.
313 4402 434 4465 Zoega,
453 4402 472 4453 l.
492 4419 514 4453 ο.
530 4419 559 4466 p.
581 4405 638 4449 190.
