3038 4988
180 550 241 614 His
263 549 311 613 ita
333 548 491 633 expositis
507 548 571 612 iam
593 548 689 612 nohis
711 548 869 612 nonnulla
891 548 931 612 de
955 548 1074 611 veteris
1092 547 1256 631 Orphicae
1273 548 1379 611 Theo-

94 670 214 755 goniae
233 677 367 734 auctore
384 676 417 731 et
439 668 549 731 indole
565 668 725 751 suspicari
745 668 872 732 licebit.
910 668 1009 731 Quod
1030 667 1133 750 igitur
1149 669 1191 731 ad
1212 673 1381 730 auctorem

96 790 233 867 attinet,
266 787 395 851 facilius
420 787 596 851 dicendum
621 787 698 866 erit,
731 787 803 871 quis
828 810 894 851 non
918 787 1019 850 fuerit
1048 809 1146 870 quam
1171 787 1243 870 quis
1269 786 1378 850 fuerit.

96 908 346 973 Onomacritum
363 907 475 984 fuisse,
494 929 534 970 ex
553 907 592 970 iis
609 929 691 989 quae
705 908 803 971 modo
820 906 888 970 dixi
904 930 970 971 non
985 905 1162 970 verisimile
1173 914 1236 969 est.
1265 904 1383 989 Zagrei

97 1027 183 1092 enim
199 1000 312 1091 sahula
331 1049 372 1090 ex
387 1026 579 1110 Theogonia
601 1028 754 1109 adempta
777 1049 851 1090 oum
872 1026 1001 1090 nullum
1016 1033 1166 1090 veterum
1185 1024 1382 1109 scriptorum

97 1146 326 1211 testimonium
347 1153 468 1224 exstet,
493 1168 557 1228 quo
573 1146 697 1229 aliquid
719 1145 992 1209 neccessitudinis
1014 1146 1100 1209 inter
1115 1148 1178 1209 hoe
1202 1166 1332 1208 carmen
1349 1150 1383 1206 et

97 1265 193 1328 illum
208 1273 339 1348 poetam
356 1265 581 1329 intercessisse
598 1266 785 1348 probetur,¹
809 1287 898 1329 mera
915 1265 976 1329 erit
992 1264 1107 1344 libido,
1131 1265 1157 1327 si
1175 1264 1246 1347 quis
1263 1263 1382 1327 nihilo·

96 1385 206 1448 minus
240 1407 315 1448 eum
344 1385 377 1448 id
414 1384 583 1468 scripsisse
613 1385 838 1448 affirmaverit.
885 1385 956 1448 Nec
988 1384 1109 1448 maiore
1145 1385 1214 1446 iure
1245 1381 1384 1465 Cercopi

97 1503 241 1582 Milesio,
265 1526 362 1587 quem
384 1504 608 1567 Gerhardus
632 1505 792 1588 collegam
811 1504 1017 1568 Onomaoriti
1038 1505 1174 1568 reddere
1196 1502 1332 1580 voluit*
1355 1502 1382 1564 is

99 1625 204 1686 honos
226 1622 442 1687 vindicandus
464 1630 526 1686 est.
564 1623 606 1687 ld
628 1623 715 1706 quod
738 1624 845 1688 eidem
862 1624 929 1687 viro
952 1624 1145 1688 doctissimo
1161 1624 1293 1688 videtur
1313 1622 1383 1706 pla·

100 1743 217 1806 euisse.
264 1742 355 1806 Dicit
380 1742 467 1833 enim
491 1743 524 1805 in
549 1743 781 1807 dissertatione
806 1745 846 1806 de
872 1745 1005 1828 Orpheo
1030 1768 1063 1828 p.
1089 1748 1128 1808 76
1150 1745 1194 1806 Ν.
1219 1745 1292 1820 167,
1317 1763 1384 1805 non

100 1863 208 1924 solum
218 1862 422 1926 Clementem
435 1870 469 1926 et
480 1862 626 1940 Suidam,
644 1863 701 1924 sed
712 1863 812 1925 etiam
824 1862 1017 1926 Ciceronem
1027 1863 1208 1946 Cercopem
1219 1862 1383 1947 Orphioae

98 1981 289 2064 theologiae
320 1989 488 2045 auctorem
512 1981 678 2045 habuisse.
726 1981 840 2044 Cicero
869 1981 927 2044 illo
956 1984 1029 2045 loco
1056 1983 1152 2046 modo
1182 1984 1317 2046 laudato
1343 1982 1384 2044 de

99 2100 144 2163 N.
167 2102 210 2164 D.
233 2101 262 2179 I,
286 2104 338 2179 38,
363 2105 422 2165 107
445 2109 522 2184 post
543 2102 658 2164 verba:
689 2101 885 2184 „Orpheum
908 2110 1041 2185 poetam
1063 2103 1161 2165 docet
1184 2101 1384 2166 Aristoteles

99 2242 277 2303 numquam
288 2220 416 2283 fuisse“
430 2221 537 2284 addit:
555 2221 626 2298 „Et
642 2222 704 2283 hoc
714 2221 895 2304 Orphicum
913 2243 1043 2285 carmen
1054 2221 1258 2304 Pythagorei
1273 2219 1385 2283 ferunt

100 2339 272 2422 cujusdam
295 2339 396 2402 luisse
420 2339 614 2423 Cercopis.“
659 2339 756 2403 Quod
782 2340 881 2403 fuerit
906 2343 969 2404 hoc
992 2339 1171 2424 Orphicum
1198 2362 1327 2404 carmen
1350 2347 1384 2402 et

100 2480 119 2521 a
144 2481 207 2541 quo
237 2459 342 2542 primo
368 2459 507 2543 Cercopi
531 2461 742 2543 Pythagoreo
775 2459 977 2544 adscriptum
1002 2459 1061 2538 sit,
1093 2468 1204 2524 narrat
1229 2461 1383 2523 Clemens

100 2577 238 2641 Alex.:⁸
256 2584 397 2665 Ἐπιγένης
417 2589 444 2647 ἐν
458 2592 511 2653 τοῖς
530 2588 591 2665 περὶ
609 2593 657 2664 τῆς
677 2585 715 2652 εἰς
727 2585 830 2665 Ὀρφέα
850 2590 984 2666 ποιήσεως
998 2587 1148 2666 Κέρκωπος
1170 2567 1233 2650 εἶναι
1248 2591 1317 2665 λέγει
1336 2592 1384 2648 τοῦ

100 2704 283 2784 Πυθαγορείου
301 2707 350 2783 τὴν
369 2706 404 2773 εἰς
419 2704 507 2767 Ἅιδου
522 2708 670 2782 κατάβασιν
683 2706 728 2766 καὶ
742 2706 786 2766 τὸν
801 2707 870 2784 ἱερὸν
884 2708 968 2783 λόγον.
1003 2699 1048 2760 Et
1064 2698 1215 2762 Similiter
1229 2699 1346 2762 Suidas
1356 2700 1383 2758 2⁴

96 2821 199 2902 Ἱεροὺς
219 2826 319 2902 λόγους,
344 2827 370 2885 ἐν
391 2824 537 2904 ῥαψῳδίαις
557 2825 607 2885 ad·
629 2827 744 2902 λέγονται
766 2827 796 2884 δὲ
817 2825 881 2886 εἶναι
900 2825 1048 2904 Θεογνήτου
1069 2832 1117 2888 τοῦ
1139 2827 1290 2899 Θεσσαλοῦ,
1310 2828 1335 2887 οἱ
1356 2829 1386 2888 δὲ

170 3004 179 3034 ¹
197 3006 302 3056 Praeter
320 3022 359 3069 ea,
379 3008 489 3069 quaein
509 3007 671 3070 praecedenti
691 3007 851 3071 paragrapho
874 3008 992 3071 apposui,
1017 3008 1126 3057 fortasse
1148 3009 1386 3058 commemorandus

102 3099 141 3140 est
160 3090 233 3142 Sexti
252 3093 375 3168 Empiriei
399 3094 472 3144 loeus
491 3096 584 3160 Pyrrh.
605 3094 701 3159 Hypot.
720 3095 775 3152 ΙΙΙ,
795 3099 827 3141 30
846 3100 872 3142 et
889 3096 957 3143 Ado.
977 3095 1099 3144 Mathem.
1120 3096 1170 3154 IX,
1189 3099 1252 3143 361:
1276 3087 1385 3161 Ὀνομά·

100 3194 184 3248 κριτος
202 3177 228 3228 ἐν
246 3183 300 3234 τοῖς
316 3173 446 3249 Ὀρφικοῖς
469 3182 519 3244 πῦρ
542 3178 587 3230 καὶ
606 3176 674 3250 ὕδωρ
697 3178 741 3229 καὶ
764 3184 812 3247 γῆν
837 3179 903 3234 (scil.
924 3175 980 3230 εἶπε
998 3186 1050 3230 τῶν
1074 3179 1176 3231 πάντων
1195 3177 1260 3231 εἶναι
1279 3179 1385 3251 ἀρχήν).

103 3261 154 3311 Sed
176 3263 240 3313 haee
264 3279 348 3326 neque
370 3266 402 3312 ad
427 3265 589 3329 Rhapsodias
616 3279 699 3326 neque
722 3265 754 3312 ad
778 3271 889 3313 veterem
913 3264 1103 3328 Theogoniam,
1131 3266 1174 3314 ubi
1199 3266 1270 3327 Nox,
1296 3265 1385 3325 Terra,

104 3347 199 3397 Coelus
218 3349 250 3397 ab
273 3350 347 3399 initio
365 3351 442 3413 positi
467 3351 526 3409 sint,
551 3349 640 3398 referri
664 3363 741 3413 posse
765 3349 928 3396 manifestum
948 3357 993 3398 est.
1030 3352 1055 3398 A
1073 3350 1231 3400 Fabricio
1255 3352 1386 3414 aptissime

100 3445 288 3500 componuntur
310 3452 398 3486 versus
423 3453 438 3486 a
463 3436 595 3486 Clemente
617 3437 660 3485 Al.
686 3438 794 3500 (θέαιναι.
825 3438 886 3495 VII,
913 3440 960 3485 746
979 3435 1063 3498 Poto.)
1090 3436 1136 3484 sub
1162 3435 1258 3500 Orphei
1283 3436 1386 3485 nomine

102 3521 212 3570 laudati:

344 3602 432 3658 Ἔστιν
451 3604 519 3678 ὕδωρ
539 3607 621 3679 ψυχῇ,
641 3606 714 3678 ψυχὴ
734 3602 754 3656 δ’
774 3604 906 3658 ὑδάτεσσιν
925 3606 1030 3676 ἀμοιβή,

350 3695 380 3746 ἐιι
399 3691 419 3744 δ’
439 3691 530 3750 ὕδατος
548 3694 595 3761 μὲν
614 3698 685 3762 γαῖα,
704 3693 733 3744 τὸ
753 3690 773 3744 δ’
793 3694 823 3744 έιι
840 3692 917 3762 γαίης
934 3691 1009 3745 πάλιν
1029 3689 1106 3763 ὕδωρ,

350 3779 380 3830 ἐκ
397 3784 442 3830 τοῦ
462 3778 491 3830 δὲ
510 3779 583 3851 ψυχὴ
603 3778 662 3830 ὁδὸν
681 3775 783 3849 αἰθέρος
801 3777 963 3830 ἀλλάσσουσα

103 3864 148 3929 (cf.
167 3866 230 3929 Apl.
246 3884 276 3931 p.
297 3867 368 3930 948).
406 3865 526 3915 Ceterum
550 3866 597 3914 hos
623 3881 709 3915 versus
733 3880 786 3913 non
805 3880 837 3914 ex
855 3865 1010 3929 Rhapsodiis
1034 3866 1123 3914 ductos
1141 3880 1207 3925 esse,
1227 3866 1304 3914 etiam
1322 3866 1389 3928 frag·

102 3959 188 4000 menta
211 3952 321 4016 probant
338 3967 354 4000 a
370 3952 441 4014 Majo
460 3967 494 4000 ex
517 3952 618 4001 Proculi
638 3950 738 4000 Comm.
765 3953 797 3999 ad
820 3952 884 4000 Plat.
905 3951 969 4015 Rep.
988 3951 1013 3999 X
1036 3966 1117 4014 nuper
1139 3951 1208 4000 edita
1230 3951 1276 4014 (cf.
1295 3952 1386 4000 Edem.

101 4037 172 4086 Μαι.
193 4037 227 4086 Ν.
248 4039 289 4096 Ε,
309 4038 359 4096 IV,
378 4041 427 4086 389
440 4037 502 4102 sp),
528 4038 571 4086 ubi
594 4037 658 4086 nihil
683 4039 713 4086 de
731 4038 776 4085 illa
795 4036 889 4109 ἀμοιβῇ
913 4037 980 4085 inter
997 4038 1108 4086 animam
1127 4045 1152 4086 et
1170 4052 1263 4099 aquam
1281 4038 1388 4086 interce·

104 4122 174 4171 denti
192 4123 294 4186 legitur.

170 4203 241 4256 ’Ch
261 4210 280 4257 l.
301 4227 322 4258 ο.
344 4211 377 4259 N.
402 4215 462 4270 1563
481 4211 543 4259 tiber
560 4212 586 4260 d.
608 4211 671 4260 Her.
693 4211 785 4274 Theop.
806 4209 840 4258 N.
862 4213 943 4273 29rq.

171 4291 295 4345 ’θέασαι
316 4296 340 4355 Ι,
360 4301 390 4344 21
407 4314 436 4361 ρ.
457 4301 505 4346 397
525 4298 595 4346 Pon.

171 4376 183 4407 ⁴
201 4381 229 4429 S.
249 4398 274 4430 ο.
292 4373 410 4451 Ὀρφεύς.
