3038 4988
746 197 765 256 9

670 283 841 291 ..n——

113 397 199 460 Nam
217 398 280 458 hoc
296 395 435 458 fortuito
451 395 578 459 factum
594 418 665 460 esse
681 398 736 460 vix
753 397 957 460 crediderim.
994 397 1159 460 Nimirum
1175 398 1209 460 id
1224 397 1293 461 fere
1309 399 1397 462 hunc

113 515 147 578 in
163 515 297 577 modum
312 514 471 578 accidisse
487 515 639 580 arbitror.
671 518 757 580 Puto
775 516 862 580 enim
877 516 998 580 veteris
1010 517 1220 600 Theogoniae
1232 517 1396 600 Orphicae

114 657 132 697 a
148 635 288 696 Platone
308 634 462 697 laudatae
478 642 647 698 auctorem
667 636 799 698 nomina
815 635 979 714 Titanum,
1004 657 1086 718 quae
1102 636 1267 699 Hesiodus
1283 635 1395 713 refert,

114 753 240 816 intacta
264 752 436 836 reliquisse
460 761 591 836 praeter
613 756 783 817 Oceanum
807 761 842 817 et
863 755 1005 838 Tethyn,
1033 777 1114 837 quos
1136 755 1245 818 nescio
1272 754 1397 837 quade

115 895 212 936 causa
229 894 337 935 eorum
356 879 508 955 parentes
530 873 667 936 reddere
682 873 836 936 voluerit.
874 873 923 936 Ut
939 879 1050 936 autem
1065 880 1162 936 vetus
1178 895 1332 937 numerus
1348 873 1397 936 in·

114 999 208 1074 teger
230 997 389 1068 maneret,
417 1012 529 1053 eorum
550 992 623 1054 loco
648 992 702 1074 qui
728 992 920 1055 exciderunt
940 993 1106 1055 Phoroum
1131 999 1165 1056 et
1188 992 1326 1056 Dionam
1349 991 1398 1054 in·

114 1110 228 1174 seruit.
260 1111 388 1172 Recens
404 1131 481 1172 vero
498 1110 762 1193 Rhapsodiarum
777 1111 985 1174 diasceuasta
1006 1133 1079 1174 cum
1096 1111 1250 1174 Titanum
1265 1110 1398 1173 nomina

115 1251 155 1292 ex
179 1229 314 1311 antiquo
339 1227 424 1292 libro
449 1228 484 1291 in
508 1252 601 1293 suum
632 1231 854 1293 translaturus
880 1232 1049 1293 Oceanum
1080 1237 1114 1294 et
1138 1231 1286 1314 Tethyn,
1319 1230 1397 1293 deos

114 1347 431 1431 praestantissimos,
456 1369 517 1410 neo
541 1349 638 1431 plane
664 1348 851 1412 ommittere
875 1370 981 1432 neque
1007 1371 1063 1412 eos
1087 1348 1220 1412 illorum
1244 1355 1398 1431 parentes

113 1467 297 1550 relinquere
313 1468 446 1545 vellet,1
463 1467 511 1530 ita
527 1489 561 1530 se
578 1467 719 1531 fortasse
736 1467 935 1531 difficultate
953 1467 1131 1550 expedivit,
1149 1474 1187 1530 ut
1203 1489 1258 1530 eos
1275 1469 1398 1530 honore

114 1585 259 1668 privatos
281 1608 392 1649 rursus
414 1585 447 1649 in
469 1585 562 1649 Coeli
583 1586 762 1650 liberorum
783 1607 955 1649 numerum
977 1586 1142 1669 redigeret
1163 1586 1246 1649 nihil
1269 1608 1396 1664 curanS,

115 1706 202 1787 quod
217 1704 262 1767 sic
276 1705 524 1786 quatuordecim
534 1703 668 1768 Titanes
683 1704 855 1768 orirentur.
887 1705 943 1768 Ad
953 1705 1040 1788 quod
1054 1706 1309 1789 perpetrandum
1325 1726 1399 1768 cum

116 1846 196 1905 opus
207 1830 305 1900 esset,
314 1830 353 1885 ut
361 1831 555 1902 removeret,
568 1845 780 1907 quaecunque
788 1824 828 1887 de
837 1824 961 1886 Oceani
971 1825 1124 1908 dynastia
1133 1832 1265 1887 narrata
1276 1830 1397 1901 essent,

116 1941 256 2004 fortasse
279 1948 351 2004 tum
377 1942 427 2005 illi
449 1943 512 2006 duo
539 1942 693 2005 versiculi
714 1965 733 2004 a
754 1944 895 2007 Platone
916 1943 951 2005 in
973 1944 1110 2027 Cratylo
1133 1943 1290 2027 appositi,
1318 1964 1398 2025 quos

116 2083 214 2143 supra
222 2060 332 2124 mirati
342 2084 454 2124 sumus
471 2063 639 2124 aProculo
653 2084 720 2124 non
730 2061 988 2140 commemorari,
1007 2062 1178 2126 ecarmine
1193 2061 1398 2125 exciderunt.

202 2180 267 2242 Sed
288 2182 370 2243 haec
391 2180 501 2244 nescio
524 2203 566 2244 an
587 2188 797 2264 praepostere
818 2181 907 2244 dicta
929 2181 1007 2244 sint.
1039 2181 1114 2244 Etsi
1135 2181 1221 2244 enim
1242 2181 1293 2259 iis,
1317 2201 1399 2263 quae

116 2298 213 2361 modo
239 2299 415 2382 disputavi,
439 2299 616 2363 verisimile
640 2300 768 2362 iactum
792 2322 863 2363 esse
887 2307 985 2383 puto,
1011 2301 1185 2363 Platonem
1210 2300 1244 2362 in
1268 2299 1400 2362 Timaeo

117 2417 280 2500 quandam
305 2418 430 2501 Orphei
458 2418 673 2501 theogonium
701 2419 885 2501 respexisse
915 2442 982 2482 non
1012 2419 1181 2482 dissimilis
1212 2417 1399 2501 argumenti

117 2557 238 2614 eorum,
256 2558 338 2619 quae
356 2537 395 2600 de
411 2537 583 2601 Novorum
592 2537 837 2601 Platonicorum
855 2538 1027 2621 theologia
1037 2538 1183 2622 Orphica
1198 2537 1396 2614 noverimus,

22 2695 28 2704 -
116 2661 226 2718 tamen
242 2655 318 2718 inde
334 2678 400 2718 non
421 2656 580 2756 sequitur,
603 2657 712 2719 valere
733 2657 820 2719 idem
836 2657 876 2720 de
894 2656 1022 2739 Cratyli
1041 2657 1127 2719 loco.
1158 2658 1296 2719 Poterat
1312 2648 1399 2719 enim

115 2775 211 2836 Plato
234 2776 268 2836 in
290 2774 426 2838 diversis
449 2774 590 2858 dialogis
613 2774 749 2838 diversis
767 2775 892 2858 Orphei
915 2775 1113 2838 carminibus
1137 2775 1196 2838 uti.
1228 2774 1396 2852 Profecto,

114 2899 246 2977 poterat
261 2893 404 2976 quidem,
428 2894 485 2957 sed
502 2916 576 2957 enm
591 2915 625 2957 re
647 2917 725 2958 vera
745 2916 842 2957 usum
858 2916 929 2958 esse
952 2894 1032 2957 mihi
1053 2917 1121 2958 non
1136 2894 1313 2958 admodum
1329 2914 1398 2956 cre·

115 3012 216 3076 dibile
239 3019 301 3076 est.
334 3012 443 3076 Ouid?
465 3035 541 3076 cum
561 3013 596 3076 in
616 3021 756 3096 utroque
780 3013 924 3096 Orphico
947 3014 1031 3077 libro
1055 3014 1094 3077 de
1117 3013 1253 3076 deorum
1274 3019 1348 3075 ortu
1364 3018 1398 3076 et

115 3131 320 3214 genealogiis
345 3132 522 3196 dissertum
547 3154 618 3195 esse
640 3155 681 3195 ex
697 3132 826 3216 Cratyli
848 3140 882 3195 et
903 3132 1028 3196 Timaei
1048 3134 1157 3196 verbis
1183 3138 1339 3216 appareat
1363 3137 1398 3194 et

115 3251 195 3314 satis
211 3251 329 3314 idonea
345 3273 443 3314 eausa
458 3251 596 3314 inveniri
612 3253 728 3335 possit,
747 3252 787 3314 de
804 3275 867 3335 qua
882 3259 999 3336 postea
1014 3250 1063 3314 illi
1078 3273 1191 3315 versus
1208 3251 1241 3313 in
1260 3250 1397 3333 Cratylo

116 3369 362 3433 commemorati
384 3369 576 3448 exciderint,
601 3392 708 3434 nonne
731 3371 912 3453 simplicius
935 3371 1074 3453 ideoque
1095 3369 1203 3434 verius
1225 3376 1277 3432 est
1292 3368 1397 3452 suspi-

115 3488 192 3567 cari,
217 3490 393 3552 Platonem
417 3512 484 3553 non
507 3490 571 3552 duo
594 3490 718 3573 Orphei
743 3512 841 3573 opera
864 3492 962 3574 plane
987 3489 1134 3553 eiusdem
1158 3487 1344 3571 argumenti
1363 3488 1397 3551 in

114 3608 264 3671 manibus
281 3607 447 3686 habuisse,
472 3609 530 3671 sed
545 3632 645 3672 unam
660 3615 792 3672 tantum
809 3608 987 3690 Orphicam
1004 3607 1228 3690 Theogoniam
1245 3614 1397 3671 secutum

115 3728 205 3790 esse?
223 3728 346 3790 Verum
362 3750 445 3790 unus
461 3734 566 3790 restat
583 3728 766 3811 scrupulus.
799 3727 933 3790 Etenim
949 3727 1038 3790 dicat
1054 3725 1226 3809 quispiam,
1248 3747 1396 3811 pugnare

114 3867 163 3924 ea,
182 3867 264 3929 quae
281 3867 322 3909 ex
338 3846 476 3930 Cratylo
499 3845 708 3928 accipiamus,
733 3869 807 3910 cum
823 3846 946 3910 Timaei
962 3847 1133 3924 relatione,
1158 3847 1311 3929 quoniam
1327 3845 1397 3908 illio

116 3965 267 4028 Oceanus
285 3972 319 4028 et
334 3967 460 4050 Tethys
481 3965 576 4049 primi
597 3966 730 4050 nuptias
752 3965 870 4030 iecisse
888 3965 1049 4044 dicantur,
1073 3965 1128 4029 hle
1143 3988 1220 4029 vero
1236 3966 1336 4029 iidem
1352 3963 1397 4027 dii

115 4104 155 4146 ex
172 4083 265 4147 Coeli
287 4092 321 4147 et
342 4085 460 4147 Terrae
484 4084 638 4168 conjugio
662 4085 830 4167 fingantur
851 4084 916 4147 orti
937 4106 1019 4149 esse.
1055 4089 1103 4148 At
1125 4107 1200 4148 cum
1215 4085 1340 4166 Tethys
1362 4083 1396 4146 in

183 4252 288 4318 ¹Quia,
316 4258 415 4320 opinor,
444 4265 499 4307 tum
525 4260 648 4322 temporis
670 4259 766 4322 ubique
789 4266 814 4308 et
837 4259 869 4308 ab
894 4259 1012 4308 omnibus
1035 4259 1101 4307 inter
1118 4258 1239 4306 Titanum
1262 4271 1397 4306 numerum

113 4341 296 4392 referebantur.
