3038 4988
732 246 773 307 89

668 333 838 341 ————-

116 467 220 528 neque
236 444 269 506 in
285 445 484 508 Graecorum
500 465 606 526 neque
622 445 758 508 aliarum
775 445 925 528 gentium
940 445 1065 529 mythis
1081 445 1206 529 aliquid
1223 445 1330 508 simile
1351 445 1392 508 de

116 565 213 647 hujus
238 563 290 626 dei
314 562 393 624 fatis
415 562 569 626 traditur.
613 564 817 646 Epimenidis
842 571 923 645 αἰών,
948 587 1044 647 quem
1067 564 1201 647 Zoega
1224 564 1392 641 arcessit,¹

115 682 206 744 Jovis
226 682 313 744 filius
336 682 466 745 videtur
486 682 588 744 fuisse
609 682 747 765 ideoque
769 684 825 746 vix
845 684 887 746 ab
915 705 953 746 eo
979 683 1141 747 resorberi
1165 682 1293 766 potuit,
1318 706 1392 746 cum

115 809 213 883 poeta
228 801 320 863 nullo
337 801 433 863 modo
450 801 565 864 Jovem
581 824 668 864 nunc
686 809 771 870 αἰῶνα
789 810 823 866 et
841 809 917 888 φΰσιν
935 810 1163 885 procreantem
1183 824 1270 865 nunc
1288 824 1393 865 resor-

116 921 247 983 bentem
272 927 307 982 et
330 942 441 982 rursus
466 920 530 982 alia
554 920 681 983 ratione
706 921 865 984 mundum
890 921 1087 983 condentem
1115 921 1239 1002 fingere
1267 927 1391 1004 posset.

114 1040 230 1121 Neque
246 1038 418 1101 Valentini
432 1037 584 1101 Gnostici
604 1060 723 1102 aeones
743 1039 933 1103 adhibendi.
965 1039 1048 1102 Quis
1068 1039 1156 1102 enim
1176 1040 1268 1103 illam
1289 1047 1394 1125 σοφίαν,

114 1157 258 1220 omnium
275 1178 414 1220 aeonum
430 1157 596 1236 ultimam,
617 1179 699 1241 qnae
714 1157 883 1236 „recurrit
898 1159 932 1221 in
946 1158 1207 1240 profunditatem
1222 1157 1393 1234 Patris“,²

115 1277 312 1339 contendere
328 1275 448 1339 audeat
464 1297 538 1338 cum
554 1277 702 1340 Phanete
718 1301 738 1340 a
752 1277 834 1340 Jove
855 1278 1033 1340 devorato?
1062 1278 1194 1360 Phanes
1215 1277 1263 1339 ita
1282 1275 1393 1360 potius

113 1398 246 1472 Jovem,
269 1417 367 1477 quam
389 1394 518 1478 Jupiter
538 1396 721 1458 Phanetem
744 1395 951 1459 desorbuisse
975 1395 1132 1458 dicendus
1156 1403 1238 1459 erat.
1277 1394 1393 1457 Amori

114 1521 222 1576 autem
239 1513 405 1576 Hesiodeo
425 1513 511 1576 nihil
530 1535 604 1577 anm
624 1516 707 1579 Jove
729 1522 781 1578 est
802 1523 837 1578 et
857 1516 944 1598 apud
964 1515 1187 1598 Pherecydem
1209 1514 1339 1597 Jupiter
1359 1512 1394 1575 in

114 1638 286 1709 Amorem,
313 1631 368 1714 qui
392 1639 490 1695 antea
513 1656 580 1695 non
603 1632 728 1712 fuerat,
755 1634 969 1697 convertitur.
1010 1635 1128 1696 Restat
1151 1632 1255 1716 igitur
1278 1631 1391 1694 Motis.

115 1752 216 1835 Cujus
235 1751 367 1834 quidem
382 1751 552 1836 cataposin
566 1753 725 1835 theologo
742 1760 856 1815 nostro
873 1753 1082 1815 obversatam
1098 1773 1169 1816 esse
1183 1750 1247 1814 etsi
1261 1751 1393 1814 minime

114 1892 213 1953 nego,
237 1877 350 1933 tamen
365 1870 466 1933 Metis
484 1870 607 1934 Oceani
623 1871 690 1933 filia
707 1879 741 1934 et
756 1871 925 1934 Minervae
942 1879 1047 1934 mater
1065 1878 1136 1932 tam
1155 1870 1285 1933 diversa
1304 1877 1356 1932 est
1375 1892 1394 1932 a

112 1992 262 2053 Phanote
284 2000 397 2075 ὠογενεῖ
416 1989 625 2072 omniumque
649 1991 784 2053 deorum
807 1998 917 2074 patre,
943 1997 982 2052 ut
1006 2012 1046 2052 ex
1070 2010 1126 2066 eo,
1153 1990 1241 2071 quod
1263 1990 1393 2051 Phanas

113 2131 355 2190 nonnumquam
379 2107 479 2170 etiam
499 2115 585 2194 Μῆτις
606 2110 808 2192 appellatur,
834 2130 900 2171 non
922 2108 1021 2172 liceat
1044 2107 1216 2190 colligere,
1242 2106 1393 2171 omnibns

113 2228 316 2312 temporibus
332 2227 490 2290 Phanotis
506 2227 653 2291 fabulam
669 2228 701 2290 in
719 2229 788 2311 ejus
805 2227 974 2311 cataposin
991 2227 1121 2290 exiisse.
1151 2227 1224 2290 Imo
1242 2226 1340 2289 etiam
1359 2225 1393 2288 in

111 2347 312 2410 Phoenicum
328 2352 362 2410 et
378 2347 619 2430 Aegyptiorum
641 2347 862 2430 cosmogoniis
886 2354 1062 2410 occurrunt
1084 2345 1216 2429 quidem
1240 2345 1391 2409 nonnulli

112 2466 171 2545 dii,
194 2466 248 2549 qui
270 2465 410 2529 fortasse
431 2488 504 2529 eum
526 2467 673 2529 Phanote
695 2466 912 2551 componendi
935 2466 1017 2543 sint,
1041 2466 1099 2529 sed
1123 2486 1251 2548 semper
1272 2462 1392 2527 intacti

112 2592 146 2648 et
168 2584 318 2648 inviolati
340 2585 492 2648 suumin
514 2584 718 2668 genealogiis
734 2585 889 2648 obtinent
908 2585 1029 2662 locum,
1053 2606 1160 2667 neque
1184 2584 1289 2646 ullum
1314 2583 1392 2648 novi

112 2705 308 2788 exemplum,
330 2727 393 2787 quo
411 2704 510 2768 etiam
526 2705 606 2767 alibi
621 2704 725 2767 totius
742 2704 856 2768 mundi
871 2703 1117 2767 conversionem
1134 2709 1168 2766 et
1187 2724 1391 2765 consumma-

112 2824 235 2887 tionem
252 2823 299 2886 ita
316 2823 515 2906 descriptam
531 2845 603 2886 esse
620 2823 805 2902 evincatur,
821 2831 860 2886 ut
876 2822 1039 2886 secundus
1055 2821 1187 2904 quidam
1203 2822 1393 2904 demiurgus

113 2943 252 3025 primum
274 2943 481 3006 devoraverit
499 2964 677 3025 rursusque
697 2965 738 3006 ex
758 2965 793 3006 se
816 2965 928 3006 omnes
950 2963 1003 3005 res
1025 2941 1160 3004 meliore
1183 2941 1296 3004 ordine
1319 2963 1392 3024 pro-

113 3062 282 3125 creaverit.
322 3063 419 3124 Unde
442 3061 559 3125 incidit
581 3061 661 3125 mihi
685 3062 844 3145 suspicio,
868 3061 1077 3124 Hellanioum
1100 3059 1237 3145 primam
1261 3059 1393 3143 quidem

112 3189 240 3265 partem
255 3180 387 3245 fabulae
403 3182 566 3265 integram
583 3204 623 3245 ex
639 3181 788 3264 qualibet
805 3181 965 3245 relatione
987 3180 1186 3263 theogonius
1207 3180 1238 3242 in
1263 3200 1393 3242 carmen

111 3324 206 3362 suum
222 3301 401 3383 recepisse,
423 3302 561 3364 alteram
577 3324 671 3378 vero,
694 3301 767 3364 dico
785 3300 972 3384 cataposin,
994 3299 1102 3383 ipsum
1122 3299 1257 3362 finxisse
1277 3305 1312 3360 et
1332 3321 1391 3361 suo

111 3421 219 3483 Marte
240 3419 416 3484 addidisse.
456 3420 554 3483 Quod
575 3443 631 3482 our
650 3419 783 3499 lecerit,
806 3442 869 3483 non
894 3419 1030 3483 difficile
1054 3425 1105 3481 est
1127 3418 1169 3481 ad
1192 3417 1389 3500 intellegen-

111 3541 200 3603 dum.
228 3539 263 3602 Si
278 3539 365 3602 enim
381 3539 512 3602 Stoicus
528 3548 609 3618 erat,
628 3539 889 3624 perincommode
907 3539 937 3601 ei
952 3538 1083 3617 accidit,
1101 3547 1139 3602 ut
1154 3539 1237 3601 dnos
1252 3537 1391 3600 haberet

111 3658 225 3722 mundi
248 3659 435 3722 conditores
460 3661 641 3722 Phanetem
665 3665 699 3721 et
721 3659 849 3722 Jovem.
888 3658 1018 3742 Jupiter
1042 3657 1128 3721 enim
1152 3657 1235 3720 alios
1260 3656 1391 3739 quidem

112 3779 206 3856 deos,
227 3777 339 3861 quiex
354 3785 464 3842 mente
482 3778 668 3842 Stoicorum
684 3777 814 3841 nonnisi
829 3777 1067 3862 appellationes
1084 3784 1196 3840 essent
1211 3775 1391 3862 proprieta-

111 3906 180 3959 tum
206 3896 335 3974 Jovis,³
356 3899 440 3960 ferre
463 3920 559 3980 posse
582 3897 771 3976 videbatur,
794 3919 855 3960 neo
877 3902 989 3960 tamen
1008 3898 1208 3974 Phanotam,
1232 3917 1328 3978 quem
1351 3917 1392 3958 ex

183 4136 190 4166 ¹
208 4141 241 4190 L.
261 4159 283 4190 ο.
300 4159 330 4205 p.
353 4145 408 4201 raa,
431 4145 488 4198 190,
508 4145 566 4188 aso.

181 4223 346 4292 ‘naporya
366 4229 426 4291 ruf.
442 4246 472 4292 p.
493 4230 551 4286 aaa,
571 4231 611 4276 τι.

181 4294 287 4377 ⁸Dioq.
306 4313 338 4361 L.
363 4313 425 4368 VH,
447 4316 506 4360 147:
533 4308 592 4362 θεὸν
612 4313 649 4376 (h.
670 4327 692 4360 e.
711 4312 815 4374 Jovem)
839 4310 948 4367 πολλαῖς
968 4307 1143 4383 προςηγορίαις
1163 4303 1392 4379 προςονομάζεσθαι

111 4395 179 4447 κατὰ
195 4395 242 4453 τὰς
260 4395 378 4464 δυνάμεις
395 4395 452 4447 κτλ.
