3038 4988
740 219 779 281 27

113 425 251 512 phicum
267 445 397 488 carmen
413 421 536 505 legisse
551 423 748 500 testantur,¹
766 421 935 485 sedetiam
951 421 1040 504 quod
1056 443 1095 485 ex
1110 421 1209 485 variis
1225 445 1400 506 germanae

113 544 270 609 lectionis
293 542 539 607 recensionibus
568 565 587 604 a
609 542 767 618 Proculo,
794 540 953 618 Eusebio,
980 541 1282 623 Pseudoaristotele
1311 543 1400 606 aliis-

115 686 180 748 que
202 662 378 727 asservatis
401 663 456 744 (cf.
475 663 555 744 Agl.
573 684 605 744 p.
623 663 804 743 tal-533)
827 659 950 743 optime
972 659 1183 741 intelligitur,
1208 669 1347 743 quantas
1366 662 1401 726 in

114 783 256 871 laminas
272 781 490 864 interpolator
507 784 560 864 (an
578 780 685 843 dicam
704 780 991 864 interpolatores?)
1008 779 1219 863 Theogoniae
1237 780 1400 864 Orphicae

115 925 219 966 unum
234 900 289 964 vel
304 900 386 964 duos
402 900 582 994 versiculos
599 906 669 962 arte
685 922 747 962 sua
759 907 894 962 tenuare
911 898 1074 963 calluerit.
1123 895 1125 899 ’

718 1089 747 1172 p.
769 1091 800 1151 e.

203 1244 279 1319 Jam
297 1241 393 1304 venio
415 1241 457 1329 ad
478 1239 637 1304 Phanotis
660 1239 840 1322 cataposin.
876 1241 926 1302 De
949 1263 1013 1323 qua
1035 1239 1099 1304 etsi
1119 1263 1186 1304 non
1207 1242 1301 1324 potui
1324 1241 1402 1324 quin

117 1362 185 1427 iam
206 1384 303 1444 supra
323 1360 484 1423 nonnulla
508 1359 667 1438 dicerem,
690 1366 803 1422 tamen
826 1381 913 1423 nunc
938 1381 978 1422 ex
1002 1359 1150 1443 professo
1176 1360 1401 1424 disserendum

121 1479 196 1544 erit.
221 1479 309 1544 Quid
326 1480 413 1543 enim
427 1479 574 1562 prodest,
592 1479 753 1561 quaedam
768 1479 901 1541 levioris
917 1478 1076 1543 momenti
1092 1479 1283 1557 abscidisse,
1301 1479 1329 1542 si
1343 1479 1402 1543 illa

119 1599 336 1664 retinebitur?
367 1585 438 1662 Aut
460 1597 537 1681 quid
559 1598 636 1661 novi
658 1604 772 1660 nostra
793 1597 974 1681 disputatio
994 1598 1194 1661 Lobeckii
1217 1598 1400 1662 contentio·

118 1719 217 1783 nibus
232 1719 333 1782 addet
347 1717 600 1800 „Theogoniam
615 1717 748 1780 Platoni
764 1717 898 1799 eiusque
917 1717 1109 1799 aequalibus
1129 1717 1313 1780 lectitatam
1331 1739 1401 1780 esse

117 1837 318 1901 statuentis²
342 1837 410 1900 sive
431 1844 553 1914 totam,
578 1842 736 1919 quantam
756 1835 922 1899 Platonici
945 1836 1115 1913 triverint,
1140 1835 1208 1899 sive
1233 1835 1401 1919 primarias

118 1957 190 2020 eius
206 1964 353 2040 partes“,
380 1956 556 2019 dummodo
573 1954 624 2017 his
641 1954 802 2037 primariis
818 1954 968 2037 partibus
984 1954 1077 2017 illam
1094 1955 1265 2038 cataposin
1281 1955 1402 2019 adscri-

118 2076 257 2140 bamus?
287 2075 336 2138 Ea
352 2075 439 2138 enim
454 2073 559 2138 veteri
575 2073 710 2137 carmini
724 2073 881 2137 restituta
898 2096 973 2137 cum
988 2074 1052 2136 iam
1069 2095 1189 2156 negare
1209 2097 1275 2137 non
1297 2074 1402 2157 possi-

119 2217 204 2272 mus,
221 2196 352 2258 saeculo
370 2217 398 2257 a.
418 2195 480 2257 Ch.
499 2216 531 2256 n.
550 2200 644 2256 sexto
660 2193 918 2276 pantheisticam
934 2193 973 2256 de
990 2192 1104 2256 mundi
1120 2199 1195 2256 ortu
1215 2201 1249 2256 et
1266 2215 1402 2257 renova·

117 2313 210 2378 tione
227 2313 411 2378 doctrinam
425 2313 460 2376 in
476 2312 661 2396 mysteriis⁸
678 2313 850 2395 vulgatam
863 2312 975 2391 fuisse,
990 2312 1046 2375 vix
1060 2319 1121 2390 est,
1137 2312 1225 2394 quod
1237 2311 1271 2374 in
1285 2312 1403 2375 ceteris

119 2432 256 2496 minutis
272 2440 371 2516 atque
382 2432 505 2516 jejunis
521 2433 619 2495 rebus
636 2430 855 2514 dijudicandis
871 2438 1003 2514 tempus
1026 2438 1245 2494 conteramus.
1279 2431 1404 2494 Verum

120 2553 208 2616 enim
222 2573 300 2615 vero
315 2553 459 2615 multum
475 2553 586 2628 abest,
608 2558 646 2613 ut
661 2551 730 2629 iure
746 2550 980 2613 Lobeckius
1000 2551 1162 2613 affirmare
1184 2550 1325 2634 possit⁴z
1349 2550 1403 2627 „si

118 2673 160 2735 de
176 2671 338 2754 Orphicae
356 2671 524 2734 doctrinae
541 2693 668 2733 summa
685 2670 792 2732 omnia
808 2669 999 2747 detraxeris,
1015 2691 1097 2753 quae
1111 2669 1276 2732 Platonici
1290 2669 1330 2732 de
1343 2692 1402 2732 suo

118 2790 326 2868 effinxerint,
344 2772 488 2872 'relinqui
509 2789 603 2853 illam
624 2784 731 2853 rerum
755 2787 899 2852 omnium
921 2789 955 2852 in
978 2789 1039 2852 deo
1066 2788 1400 2871 comprehensionem,

118 2909 245 2994 duplici
259 2931 415 2992 processu
428 2917 462 2973 et
478 2931 610 2973 recessu
625 2907 807 2991 perfectam
822 2930 880 2991 per
892 2910 1075 2971 Phanetem
1089 2916 1123 2971 et
1135 2909 1156 2969 J
1158 2915 1288 2971 ovem“.
1314 2907 1402 2970 Quid

191 3096 406 3149 ¹Lobeckius
436 3100 472 3148 ait
496 3100 558 3164 Agl.
579 3117 609 3165 p.
640 3105 701 3148 532:
733 3099 887 3159 „Platonem
917 3106 945 3146 ut
969 3099 1075 3147 arbitrer
1103 3080 1176 3147 illum
1199 3097 1307 3149 παλαιὸν
1329 3095 1404 3165 λόγον

121 3200 175 3234 uon
193 3185 270 3234 fando
288 3185 428 3248 accepisse,
448 3185 492 3233 sed
511 3199 544 3234 ex
561 3185 618 3248 ipsa
636 3191 664 3232 ut
682 3184 774 3232 dicitur
793 3183 917 3245 scatebra,
938 3191 992 3232 tum
1010 3183 1062 3250 alia
1080 3199 1120 3232 me
1138 3184 1263 3232 inducunt
1276 3183 1403 3246 Orphicae
1479 3240 1480 3244 Ἰ

120 3270 241 3320 lectionis
253 3271 358 3332 indicia,
377 3278 431 3320 tum
443 3271 505 3318 illud
519 3271 587 3332 quod
605 3271 727 3319 continuo
741 3269 871 3332 subjungit
887 3272 926 3338 τῷ
945 3265 965 3319 δ’
985 3267 1026 3319 ἀεὶ
1045 3267 1174 3327 ξυνέπεται
1186 3264 1252 3338 Δίκη
1271 3276 1323 3319 τῶν
1342 3267 1401 3319 ἀπο-

119 3353 278 3423 λειπομένων
297 3352 466 3425 -τιμωρός,
486 3370 552 3418 quae
571 3356 696 3404 Proculus
715 3354 834 3418 Orphicis
853 3355 1063 3416 circumloquitur
1081 3354 1162 3402 verbis

369 3443 407 3510 τῷ
426 3439 460 3502 δὲ
472 3433 538 3508 Δίκη
558 3439 706 3496 achirone:
725 3439 848 3511 ἐφέσπετο
866 3444 939 3490 πᾶσιν
958 3437 1086 3509 ἀρωγός“.

190 3524 313 3575 Gisekc
332 3526 364 3589 (l.
385 3544 406 3576 e.
422 3545 452 3592 p.
473 3526 517 3587 84)
543 3526 651 3574 Taetzae
674 3525 848 3574 testimonium
872 3526 1071 3588 secutus,quod
1090 3524 1277 3574 Lobeckius
1300 3524 1404 3573 exhibet

119 3611 184 3676 Agr.
201 3628 230 3676 p.
250 3617 298 3659 422
318 3612 378 3661 coll.
395 3597 504 3676 p.‘527‚
528 3611 586 3660 illos
611 3627 698 3660 versus
723 3612 862 3660 aPlatone
887 3625 920 3659 ex
938 3610 1045 3673 Hymnis
1065 3609 1184 3673 Orphicis
1207 3618 1322 3674 sumptos
1347 3625 1402 3658 esse

118 3703 202 3761 putat.
238 3696 279 3745 De
305 3696 415 3745 Tzetzae
441 3697 592 3745 auctoritate
618 3697 670 3744 iam
696 3696 881 3745 Lobeckius
900 3697 919 3745 l.
940 3714 962 3745 e.
990 3696 1129 3758 respondit.
1167 3694 1234 3744 Cum
1261 3702 1346 3744 autem
1371 3710 1403 3744 ex

119 3781 235 3831 Platonis
252 3782 317 3831 locis
336 3797 413 3846 supra
430 3782 540 3830 laudatis
560 3781 636 3844 (ibn.
651 3799 681 3846 p.
695 3787 737 3840 41,
756 3782 827 3830 Orat.
843 3799 873 3845 p.
887 3781 950 3844 402)
970 3781 1031 3829 satis
1049 3789 1180 3844 appareat,
1200 3781 1334 3830 Platonem
1351 3795 1403 3829 non
1488 3773 1502 3781 “

120 3867 205 3916 solum
222 3866 330 3932 Hymuis
349 3876 374 3917 et
392 3863 517 3927 Τελειαῖς
535 3865 631 3929 Orphei
655 3882 730 3915 usum
754 3881 818 3926 esse,
845 3866 889 3914 sed
912 3866 990 3915 etiam
1007 3866 1168 3929 Theogonia,
1187 3866 1329 3930 simplicius
1347 3856 1403 3914 esse

119 3961 193 4016 puto,
212 3953 233 4002 si
250 3953 309 4002 illos
327 3968 415 4003 versus
434 3968 467 4002 ex
485 3960 568 4002 vetere
587 3953 738 4015 Theogonia
758 3953 785 4000 in
803 3952 963 4015 Rhapsodias
986 3959 1103 4014 receptos
1121 3967 1261 4012 sumamus,
1285 3966 1361 4014 quam
1381 3951 1403 3999 si

120 4051 166 4086 eos
189 4038 297 4102 Hymnis
325 4023 508 4098 adscribamus,
537 4052 602 4100 quos
626 4037 831 4100 Rhapsodiarum
858 4044 988 4085 auctorem
1015 4037 1132 4098 cognitos
1159 4037 1279 4102 habuisse
1306 4036 1403 4084 nullum

118 4130 253 4186 praeterea
268 4124 393 4172 indicium
411 4124 520 4173 inveniri
537 4123 627 4187 possit.

189 4202 281 4272 ’Ape
296 4213 405 4274 pell,
425 4208 458 4257 cf.
478 4209 632 4267 Brandis,
652 4209 671 4257 l.
692 4225 714 4256 c.
734 4208 758 4266 I,
778 4212 818 4255 59.

189 4288 260 4342 ⁸cf.
279 4292 482 4358 Bernhardy,
505 4296 620 4344 Grmrdr.
640 4296 667 4344 d.
690 4295 738 4343 Gr.
758 4293 824 4342 Dirc.
844 4294 884 4352 ΙΙ,
905 4297 1004 4351 1,428.

85 4375 89 4386 '
188 4373 279 4450 ‘Apt
295 4397 325 4445 p.
345 4385 404 4431 495.
