3038 4988
737 187 776 247 11

117 408 229 451 omnes
253 386 387 449 illorum
417 387 553 450 deorum
582 386 832 470 conjunctiones
857 386 1067 451 matrimonia
1089 387 1206 452 habita
1229 408 1317 465 esse,
1344 387 1399 469 qui

71 500 72 504 ¹
115 505 302 570 nominibus
332 504 539 568 naturalibus
568 505 710 590 praediti
735 512 769 568 et
789 505 899 589 *magis
928 506 1101 570 not-ionum
1126 505 1276 569 tenuium
1300 528 1399 589 quam

114 647 326 709 personarum
347 624 562 688 animantium
583 631 701 687 natura
717 631 751 687 et
772 625 890 687 habitu
909 624 1019 688 induti
1034 625 1102 688 sint
1118 625 1237 709 quique
1254 649 1272 688 a
1287 646 1399 688 recen·

115 744 208 807 tioris
239 743 312 807 aevi
341 723 529 806 hominihus
561 743 763 826 cogitatione
788 743 869 822 ficti,
896 767 962 807 non
991 745 1031 808 ab
1057 745 1176 807 ultima
1199 744 1398 827 antiquitate

114 862 240 947 recepti
260 862 464 926 videantur.¹
501 863 543 925 ln
563 862 635 946 ipsa
652 863 785 926 Proculi
806 862 998 945 Theogonia
1021 863 1165 946 Orphica
1186 863 1285 926 Terra
1305 875 1398 951 πρώτη

114 990 202 1068 νύμφη
224 982 406 1045 vocabatur
428 980 561 1063 eiusque
583 1003 657 1045 eum
674 980 776 1045 Coelo
800 981 992 1066 conjugium
1011 992 1157 1069 πρώτιστος
1170 991 1270 1068 γάμος,
1286 1006 1398 1065 quam-

114 1100 165 1163 vis
186 1099 344 1163 Phanetis
367 1122 442 1163 cum
462 1101 572 1163 Nocte
595 1100 841 1178 commercium,
866 1123 906 1164 ex
928 1123 991 1184 quo
1013 1101 1134 1165 Coelus
1155 1108 1189 1164 et
1202 1098 1313 1164 'Terra'
1329 1101 1399 1165 nati

116 1225 206 1296 sunt,
224 1218 275 1281 his
291 1219 440 1282 versibus
457 1219 659 1282 celebretur:

136 1412 151 1468 t
395 1337 534 1408 ποιμαίνων
552 1337 714 1410 πραπίδεσσιν
733 1339 880 1409 ἀνάμματον
899 1339 967 1391 ὠκὺν
987 1338 1071 1411 ἔρωτα

117 1428 133 1468 θ

396 1489 472 1548 αὐτὸς
491 1490 536 1561 ἑῆς
554 1490 602 1563 γὰρ
620 1491 709 1549 παιδὸς
728 1489 847 1564 ἀφείλετο
866 1492 966 1565 κούριον
985 1491 1069 1550 ἄνθος.

197 1592 240 1654 Id
265 1593 352 1673 quod
379 1593 561 1655 Proculus²
593 1593 641 1656 ita
662 1600 813 1656 excusat:
839 1601 952 1676 οἰκεῖος,
975 1593 1099 1677 inquit,
1125 1605 1139 1663 ὁ
1162 1604 1248 1682 γάμος
1269 1609 1305 1683 τῇ
1328 1603 1397 1672 τάξει

113 1719 197 1799 ταύτῃ
221 1749 253 1758 -
280 1719 392 1798 Πρώτην
414 1722 464 1797 γὰρ
485 1719 588 1798 νύμφην
616 1721 749 1780 ἀποκαλεῖ
764 1723 812 1799 τὴν
832 1722 886 1800 Γῆν
906 1723 950 1782 καὶ
970 1723 1115 1800 πρώτιστον
1139 1723 1224 1801 γάμον
1242 1724 1291 1800 τὴν
1309 1723 1400 1783 ἕνωσιν

114 1839 197 1917 αὐτῆς
209 1840 257 1916 τὴν
271 1839 337 1915 πρὸς
350 1839 395 1898 τὸν
410 1836 527 1916 Οὐρανόν
542 1883 550 1900 .
565 1883 573 1899 .
589 1882 596 1898 .
613 1839 736 1917 Φάνητος
750 1841 780 1899 δὲ
801 1840 850 1900 οὐκ
866 1839 921 1899 ἔστι
934 1842 1020 1918 γάμος
1038 1842 1182 1920 ἡνωμένοιν
1197 1842 1320 1920 ἀλλήλοις
1339 1866 1398 1919 νοη-

28 1983 29 1987 ’
112 1963 166 2024 τῶς
256 1957 300 2016 καὶ
315 1957 386 2018 ἔοικε
401 1959 444 2018 διὰ
459 1961 544 2018 ταῦτα
559 1958 603 2018 καὶ
618 1959 723 2037 οὐρανῷ
737 1957 825 2036 τοιίττρ
839 1958 884 2018 καὶ
897 1962 933 2037 γῇ
948 1960 1090 2038 προσήκειν
1105 1962 1120 2019 t
1134 1955 1222 2038 γάμος
1237 2004 1244 2020 .
1260 2004 1269 2020 .
1284 2004 1291 2020 .
1307 2004 1314 2020 .
1330 1961 1344 2020 ὃ
1361 1957 1397 2040 δὴ

114 2076 158 2136 καί
171 2077 196 2136 οἱ
210 2076 308 2154 θεσμοὶ
321 2082 374 2135 τῶν
386 2075 534 2154 Ἀθηναίων
544 2077 644 2143 εἰδότες
651 2077 829 2155 προσέταττον
839 2074 951 2156 Οὐρανῷ
968 2076 1012 2136 καὶ
1020 2077 1062 2157 Γῇ
1071 2081 1209 2155 προτελεῖν
1222 2079 1284 2146 τοὺς
1298 2080 1399 2157 γάμους

113 2201 170 2255 κτλ.
207 2185 296 2248 Ouid
318 2185 434 2268 igitur,
461 2186 489 2248 si
510 2185 543 2248 in
564 2192 676 2249 vetere
693 2187 818 2269 Orphei
834 2187 1025 2270 Theogonia
1046 2187 1188 2251 similem
1208 2189 1242 2251 in
1264 2189 1399 2252 modum

117 2327 184 2367 non
199 2305 319 2368 Coelus
336 2311 370 2368 et
386 2306 495 2382 Terra,
518 2327 656 2388 quorum
674 2305 739 2368 iam
754 2305 888 2369 nomina
902 2306 1066 2370 naturalia
1085 2307 1191 2390 magis
1207 2315 1285 2370 sunt
1301 2330 1399 2391 quam

117 2423 269 2508 positiva,
281 2424 340 2487 sed
351 2426 503 2487 Oceanus
514 2431 548 2488 et
558 2425 683 2509 Tethys
695 2431 845 2487 auctores
862 2431 897 2487 et
911 2425 1042 2509 patroni
1055 2427 1273 2490 tradebantur
1288 2426 1400 2490 matri-

119 2542 239 2606 monii?
263 2543 362 2606 Oerte
379 2565 434 2606 eos
451 2544 529 2606 deos
540 2543 721 2606 maritimos
733 2543 921 2627 aptissimos
932 2543 1044 2621 fuisse,
1057 2545 1098 2607 ad
1110 2567 1190 2627 quos
1201 2545 1401 2608 matrimonii

119 2669 209 2725 ortus
221 2662 319 2725 relati
334 2662 411 2741 sint,
424 2685 499 2725 cum
510 2661 729 2726 Aristoteles³
747 2662 863 2725 docere
878 2669 1002 2746 potest,
1021 2663 1076 2746 qui
1092 2663 1251 2747 quosdam
1266 2664 1401 2748 physio-

117 2781 213 2864 logos
225 2788 259 2845 et
268 2782 446 2864 theologos
455 2788 630 2864 propterea
640 2804 757 2865 aquam
768 2781 913 2845 omnium
922 2778 1030 2845 rerum
1040 2781 1235 2866 principium
1245 2783 1400 2848 hahuisse

119 2900 218 2979 dicat,
236 2902 323 2984 quod
333 2900 443 2963 omnia
452 2923 492 2964 ex
501 2900 633 2963 madido
643 2900 735 2964 nasci
744 2900 918 2964 videantur
923 2925 933 2978 ς
951 2907 1023 2963 tum
1033 2901 1103 2984 ipse
1113 2902 1287 2981 Homerus,
1304 2924 1401 2986 quem

118 3141 174 3203 ipse
192 3142 264 3202 deus,
284 3142 329 3204 qui
347 3141 404 3190 aliis
422 3142 486 3190 loeis
505 3141 619 3190 omnium
637 3141 743 3190 deorum
763 3141 917 3204 principium
934 3149 1047 3203 vocatur,
1068 3141 1141 3192 Coeli
1159 3144 1226 3193 filius
1244 3151 1292 3192 est.
1327 3143 1402 3192 Ata-

118 3240 177 3274 men
202 3226 235 3275 cf.
262 3241 327 3289 quae
351 3226 375 3274 N
382 3227 621 3290 'igelsbaehius
646 3226 675 3292 (l.
695 3242 719 3276 c.
738 3242 763 3290 p.
785 3227 827 3290 78)
852 3227 879 3274 in
903 3227 1056 3276 contrariam
1080 3236 1178 3290 partem
1202 3229 1349 3292 disputavit.
1369 3256 1400 3264 -

119 3311 268 3361 Alexander
285 3311 400 3374 Aphrod.
420 3311 561 3360 Hesiodum
585 3326 637 3359 non
659 3310 775 3371 aOhao,
801 3312 845 3360 sed
864 3326 880 3359 a
897 3311 978 3360 Nocte
1002 3312 1054 3360 lilia
1072 3314 1213 3361 ordientem
1231 3313 1301 3373 facit,
1320 3328 1352 3362 ea
1369 3315 1401 3363 de

119 3398 198 3446 eausa
224 3397 324 3459 opinor,
352 3398 421 3460 quod
447 3397 470 3446 ei
493 3396 553 3445 Nox
577 3397 668 3446 saltem
692 3397 823 3460 aliquanto
847 3396 948 3458 dignior
972 3397 1034 3446 deae
1058 3397 1161 3447 nomine
1184 3398 1239 3447 visa
1263 3405 1301 3447 est
1325 3413 1402 3462 quam

119 3482 182 3532 illud
201 3481 296 3531 Chaos.

189 3563 258 3616 ²Cf.
278 3567 495 3630 Negelsbaoh‚
513 3567 532 3618 l.
553 3582 575 3616 c.
594 3582 621 3630 p.
641 3571 681 3616 76.

190 3648 248 3700 ²111
269 3653 332 3702 Pan.
357 3653 387 3712 V,
406 3658 455 3702 293
470 3655 497 3702 0.

188 3733 333 3803 8Μοίαρτίι.
354 3740 405 3802 (ed.
425 3739 536 3801 Becker)
555 3740 579 3798 I,
598 3743 647 3786 983
661 3739 683 3797 t,
703 3742 735 3785 20
747 3755 801 3804 eq„-
826 3733 915 3796 Θαλῆς
938 3735 1047 3810 (ἀρχὴν)
1072 3734 1140 3810 ὕδωρ
1160 3735 1225 3790 εἷναί
1242 3756 1337 3810 φησιν.
1352 3775 1401 3790 ...

119 3820 167 3890 τὴν
186 3820 315 3893 ὑπόληψιν
338 3822 435 3892 ταύτην
458 3822 566 3892 λαβών.
581 3859 588 3874 .
603 3859 610 3874 .
625 3821 666 3873 διὰ
690 3822 718 3873 τὸ
742 3822 843 3874 πάντων
866 3821 898 3874 τὰ
918 3822 1051 3894 σπέρματα
1067 3823 1115 3892 τὴν
1137 3823 1209 3894 φύσιν
1227 3821 1305 3896 ὑγρὰν
1323 3821 1400 3896 ἔχειν,

120 3907 149 3959 τὸ
168 3904 187 3958 δ’
207 3905 276 3979 ὕδωρ
295 3907 379 3980 ἀρχὴν
396 3914 444 3978 τῆς
461 3908 560 3979 φύσεως
578 3905 643 3959 εἶναι
660 3913 714 3965 τοῖς
732 3905 826 3979 ὑγροῖς.
849 3908 896 3960 είσὶ
915 3907 944 3960 δέ
961 3925 1026 3965 τινες
1043 3907 1068 3960 οἲ
1085 3908 1130 3959 καὶ
1147 3908 1205 3965 τοὺς
1222 3907 1403 3977 παμπαλαίους

120 3991 165 4043 καὶ
182 3990 246 4044 πολὺ
268 3993 316 4065 πρὸ
339 3999 387 4063 τῆς
408 3998 451 4045 νῦν
474 3994 597 4064 γενέσεως
620 3993 665 4045 καὶ
688 3996 803 4066 πρώτους
826 3991 1031 4064 θεολογήσαντας
1054 3992 1136 4052 οὕτως
1157 3997 1253 4048 οίονται
1276 3994 1334 4066 περὶ
1355 4000 1403 4064 τῆς

121 4077 221 4149 κρίσεως
248 4076 396 4148 ὑπολαβεῖν.
430 4076 588 4135 Ὠκεανόν
613 4097 648 4131 τε
675 4077 731 4150 γὰρ
757 4079 813 4130 καὶ
840 4075 952 4150 Tullia
982 4078 1132 4151 ἐποίησαν
1158 4086 1213 4149 τῆς
1240 4080 1402 4149 γενέσεως

121 4163 264 4235 πατέρας
281 4163 339 4216 κτλ.
376 4163 508 4229 Orpheum
529 4173 554 4215 et
572 4166 713 4215 Homerum
737 4165 772 4213 ibi
791 4165 944 4214 Aristoteles
967 4165 994 4214 in
1011 4173 1097 4215 mente
1120 4167 1212 4214 habere
1230 4166 1338 4216 videtur.
1369 4164 1405 4215 Of

121 4252 244 4301 Drances.
265 4251 283 4301 l.
304 4269 326 4301 ο.
342 4269 372 4316 ρ,
392 4256 441 4300 383
461 4247 556 4322 οὐγὰρ
580 4249 735 4303 ἀποδεκτέον
752 4246 876 4319 Εὐδήμου
900 4247 1024 4320 λέγοντος,
1046 4248 1085 4301 ὅτι
1104 4243 1243 4320 (Ὅμηρος)
1264 4249 1313 4302 ἀπὸ
1329 4246 1400 4302 Ὠκε-

123 4339 183 4386 ανοῦ
201 4334 246 4386 καὶ
264 4330 367 4406 Τηθύος
385 4331 503 4408 ἄρχεται.
