3038 4988
721 244 760 309 ⁷5

102 466 212 508 rorum
229 452 336 508 ortum
354 448 526 509 enarrans¹
544 447 684 512 fortasse
700 449 832 531 longius
848 469 883 511 se
898 449 1105 532 prospexisse
1120 455 1266 512 testatur
1280 472 1378 532 quam

103 565 286 646 Orpheum,
309 565 364 648 qui
380 587 446 628 non
461 566 524 629 nisi
539 567 781 631 Eleusiniomm
796 568 1027 652 mysteriorum
1042 569 1197 632 notitiam
1212 568 1376 632 habuerit.

102 684 163 746 His
185 683 289 766 igitur
311 685 452 768 sumptis
474 707 514 748 ne
537 686 585 749 ita
607 687 739 769 quidem
762 686 878 751 stricta
901 673 1099 752 necessitate
1124 689 1212 751 ultra
1235 709 1379 751 annum

103 804 442 867 sexcentesimum
459 806 658 888 repellimur,
673 829 748 871 cum
763 808 971 891 Pherecydes
987 807 1120 871 ineunte
1136 807 1267 870 saeculo
1284 812 1379 869 sexto
1467 870 1474 887 ,

102 923 222 986 vixerit
228 948 238 998 3
260 924 411 1006 quoniam
428 933 538 988 autem
555 948 620 988 non
636 926 812 990 verisimile
829 933 891 1005 est,
908 926 983 990 inde
999 927 1040 990 ab
1056 926 1202 989 Hesiodo
1220 947 1321 1009 usque
1338 925 1380 988 ad

102 1043 327 1127 Pherecydem
353 1043 521 1108 hominum
552 1044 722 1128 opiniones
752 1046 792 1109 de
823 1046 957 1110 deorum
988 1052 1022 1110 et
1051 1045 1165 1109 mundi
1194 1044 1379 1128 primordiis

103 1183 231 1244 semper
251 1161 315 1226 sibi
334 1163 539 1243 constitisse,
561 1164 626 1227 imo
646 1164 827 1248 probabilis
849 1173 901 1228 est
921 1167 1127 1250 conjectura,
1149 1165 1223 1228 istis
1239 1163 1379 1227 saeculis

103 1281 248 1345 omnium
263 1304 405 1360 morum,
428 1283 562 1363 artium,
584 1307 750 1348 sacrorum
767 1285 978 1349 conversione
993 1285 1047 1348 vel
1063 1285 1160 1348 elaris
1176 1285 1230 1348 vel
1245 1282 1379 1346 famosis

103 1401 203 1465 etiem
219 1401 356 1465 Hesiodi
370 1403 575 1485 theologiam
591 1427 657 1468 non
672 1404 835 1467 illibatam
851 1403 1000 1468 relictam
1016 1425 1105 1482 esse,
1126 1403 1266 1468 fortasse
1286 1402 1377 1482 licet,

102 1521 167 1584 duo
189 1521 442 1603 theogoniarum
460 1544 582 1606 genera
605 1530 683 1607 post
703 1524 885 1587 Hesiodum
909 1545 981 1588 sese
1005 1522 1238 1606 excipientium
1264 1521 1379 1586 distin-

103 1662 218 1722 guere,
241 1642 381 1705 alterum
400 1665 501 1726 prope
521 1644 563 1706 ad
578 1643 716 1706 Hesiodi
734 1643 947 1727 genealogias
967 1644 1143 1721 accedens,
1166 1643 1306 1706 alterum
1328 1640 1379 1704 his

102 1760 208 1843 magis
234 1761 374 1824 alienum
401 1768 435 1824 et
459 1762 512 1826 vel
536 1762 703 1826 nascentis
727 1763 955 1846 philosophiae
982 1762 1127 1846 impulsu
1155 1763 1208 1826 vel
1236 1759 1381 1845 peregri·

102 1903 216 1943 narum
239 1879 436 1963 religionum
456 1881 653 1964 contagione
674 1882 738 1946 iam
759 1882 959 1966 Pherecydis
980 1881 1124 1946 inventis
1147 1880 1285 1945 similius
1308 1880 1380 1943 red-

103 1999 221 2062 ditum.
255 2000 403 2063 Quorum
418 2022 576 2084 generum
592 2001 642 2064 illi
660 2002 770 2086 potius
791 2025 889 2084 quam
909 2001 986 2067 huic
1007 2023 1137 2065 carmen
1156 2005 1304 2063 nostrum
1325 1999 1380 2062 ad·

103 2119 302 2203 scripserim,
321 2141 395 2182 cum
411 2121 475 2183 iam
492 2143 589 2204 supra
605 2120 685 2184 satis
701 2122 903 2204 apparuerit,
921 2127 1044 2204 quanta
1060 2121 1130 2204 ejus
1147 2127 1181 2184 et
1196 2119 1380 2182 Hesiodeae

102 2238 312 2322 Theogoniae
343 2246 431 2303 esset
461 2240 655 2304 similitudo.
706 2242 824 2324 Itaque
855 2240 976 2304 maiore
1007 2240 1075 2304 iure
1106 2247 1251 2303 octavo
1283 2260 1380 2322 quam

103 2359 242 2442 septimo
259 2361 390 2422 saeculo
407 2358 622 2423 vindicandus
637 2360 768 2424 videtur
784 2361 947 2444 Orpheus.
979 2361 1051 2424 Nec
1071 2361 1191 2423 desunt
1211 2381 1248 2422 ea
1270 2364 1380 2421 aetate

102 2485 239 2561 poetae,
271 2501 407 2561 quorum
436 2479 558 2543 sodalis
587 2479 653 2543 dici
679 2479 808 2567 possit.
852 2479 1052 2543 Recordenti
1082 2480 1186 2557 enim,
1219 2478 1320 2542 etiam
1347 2477 1381 2539 in

105 2597 249 2681 Orphica
273 2599 464 2681 Theogonis
489 2600 649 2682 quaedam
674 2600 714 2662 de
740 2600 862 2663 deabus
887 2599 1064 2663 Eleusiniis
1088 2604 1220 2663 narrata
1248 2618 1319 2660 esse
1347 2596 1383 2659 in

104 2725 248 2781 mentem
268 2718 360 2782 venit
380 2726 415 2781 et
430 2719 624 2783 Homericus
640 2719 791 2804 Hymnus
811 2719 846 2782 in
866 2719 1018 2783 Cererem
1040 2725 1075 2782 et
1095 2717 1279 2800 Eumolpi²,
1307 2717 1382 2779 Mu·

104 2837 186 2915 saei,
209 2838 349 2920 Pamphi
371 2839 514 2902 carmine
535 2839 687 2922 mystica.
728 2840 793 2902 Sed
818 2861 929 2902 eorum
954 2838 1150 2922 scriptorum
1174 2844 1324 2919 tempora
1348 2841 1383 2898 et

103 2957 247 3020 rationes
264 2966 416 3022 accurate
433 2958 567 3022 definire
584 2958 639 3022 vix
654 2982 797 3042 unquam
814 2957 997 3041 continget.
1029 2958 1070 3020 In
1085 2957 1217 3042 Hymno
1233 2956 1268 3018 in
1284 2956 1382 3018 Cere·
1467 2967 1472 2984 ¹

104 3098 171 3138 rem
197 3080 239 3159 (v.
261 3081 322 3140 265
343 3081 405 3161 sq.)
430 3079 555 3142 bellum
581 3078 822 3142 Eleusiniorum
847 3085 962 3141 contra
986 3076 1208 3141 Athenienses
1232 3076 1300 3138 fere
1324 3073 1383 3137 tri·

104 3195 199 3277 ginta
214 3196 307 3260 annis
323 3207 400 3280 post
414 3198 575 3283 templum
592 3198 719 3262 Cereris
737 3197 905 3261 conditum
921 3198 1066 3281 ponitur.
1099 3197 1164 3261 Sed
1183 3198 1245 3259 hoo
1265 3193 1382 3259 inutile

173 3471 182 3502 ¹
201 3476 295 3525 Strabo
314 3477 348 3533 X,
367 3480 392 3535 3,
412 3479 441 3521 21
459 3493 488 3539 p.
508 3476 567 3536 472,
587 3476 620 3524 cf.
640 3478 702 3540 Api.
719 3493 748 3540 μ.
770 3480 834 3525 1209
848 3493 886 3540 sq.

171 3559 297 3611 'Suidoa
313 3580 334 3611 a.
354 3580 378 3610 ο.
404 3558 547 3629 Εὔμολπος,
565 3557 725 3621 Ἐλευσίνιος,
749 3559 806 3630 ἤτοι
821 3557 970 3630 Ἀθηναῖος,
994 3559 1047 3616 υἱὸς
1065 3555 1196 3610 Μουσαίου
1213 3561 1259 3608 τοῦ
1277 3560 1382 3625 ποιητοῦ

106 3645 263 3703 ....οὖτος
281 3645 377 3717 ἔγραψε
400 3645 506 3703 τελετὰς
524 3642 662 3717 Δήμητρος
683 3646 727 3698 καὶ
745 3646 792 3715 τὴν
810 3647 846 3704 εἰς
865 3642 965 3698 Κελεὸν
988 3642 1069 3716 ἄφιξιν
1086 3644 1130 3722 ναὶ
1148 3643 1196 3711 τὴν
1217 3651 1268 3694 τῶν
1287 3659 1381 3710 μυστη-

105 3730 165 3804 ρίων
182 3731 318 3802 παράδοσιν
335 3731 383 3799 τὴν
406 3736 463 3788 ταῖς
485 3729 637 3803 θυγατράσιν
661 3729 739 3782 αὐτοῦ
763 3732 910 3801 γενομένην,
936 3730 985 3801 ἔπη
1003 3729 1036 3781 τὰ
1053 3729 1136 3781 πάντα
1159 3726 1293 3800 τμιςχίλια.
1330 3728 1384 3776 Vix

104 3826 166 3881 puto
188 3819 243 3866 iure
267 3818 509 3881 Bernhardyum
532 3819 583 3883 (ed.
604 3820 677 3867 Suid.
705 3820 722 3866 l.
742 3837 765 3867 e.
790 3818 876 3866 adnot.
907 3823 932 3866 et
952 3820 999 3867 Gr.
1020 3817 1096 3874 latr„
1120 3817 1156 3864 II
1171 3834 1199 3880 p.
1220 3813 1281 3878 336)
1304 3821 1384 3863 totam

104 3904 170 3952 hanc
189 3904 360 3952 narrationem
379 3919 412 3951 cx
430 3903 529 3952 Musaei
549 3904 672 3967 (Patron.
687 3905 721 3961 X,
736 3908 760 3950 5.
774 3902 800 3967 3)
820 3899 957 3972 Friuolaria
976 3902 1101 3951 deflexam
1120 3901 1213 3950 dicere.
1238 3899 1383 3948 Pausaniae

106 3990 162 4037 loco
181 3989 251 4036 nullo
269 3989 345 4037 verbo
364 3986 466 4036 Cereris
489 4004 619 4037 sacrorum
641 3989 737 4037 mentio
760 3990 796 4049 iit,
820 3990 865 4037 sed
883 3990 914 4037 de
932 3989 1040 4052 Delphis
1058 3988 1143 4051 potius
1162 4002 1238 4049 quarn
1257 3987 1288 4033 dc
1307 3985 1384 4033 Eleu·

105 4076 160 4123 cine
179 4089 263 4123 sermo
281 4082 327 4125 est.
365 4074 418 4123 Cur
435 4082 521 4123 autem
539 4089 642 4123 cannen
660 4070 790 4125 Μοοοαὶοο
810 4071 937 4142 adpellata
960 4073 1080 4138 (Hesych.
1102 4068 1242 4138 εὐμολπία·
1263 4065 1382 4139 copario,

106 4157 224 4228 εὐυμνία)
248 4161 399 4224 inscriptum
425 4161 570 4209 necessario
593 4175 651 4208 curn
668 4160 796 4223 Eumolpo
824 4160 960 4208 cohaerere
987 4160 1078 4208 debet?
1104 4157 1180 4216 Quod
1203 4157 1224 4204 si
1248 4157 1285 4204 ita
1307 4162 1383 4212 essct,

106 4261 190 4294 nonne
210 4241 345 4312 Εὐμολπιο
362 4260 409 4308 pro
429 4241 564 4312 Εὐμολπία
582 4245 743 4294 scribendum
762 4253 829 4293 esset
853 4245 919 4294 sieut
937 4240 1049 4314 Κύπρια,
1069 4239 1241 4295 Nauteam
1264 4239 1384 4288 Ceterum

105 4331 214 4389 Musaei,
233 4330 365 4392 Eumolpi,
385 4330 494 4393 Pamphi
516 4333 622 4380 nomina
639 4331 697 4378 ficta
716 4343 781 4389 esse,
800 4329 877 4378 facile
895 4331 1018 4393 concedo,
1040 4328 1118 4379 modo
1140 4341 1173 4375 ne
1191 4326 1305 4378 carmina
1327 4325 1385 4387 ipsa

105 4417 280 4479 pseudonyma
297 4416 349 4464 illis
367 4416 524 4480 temporibus
542 4417 637 4480 scripta
655 4429 711 4464 esse
729 4415 856 4466 infitieris.
