3038 4988
737 216 776 274 28

115 417 222 480 enim?
247 417 334 480 Num
351 422 526 499 propterea
542 417 630 498 quod
646 416 755 498 aliqua
771 415 840 478 eius
857 415 1026 479 doctrinae
1038 414 1182 498 vestigia
1195 422 1272 478 ante
1285 416 1400 480 Novo-

114 559 188 599 rum
204 535 451 626 Plptonicorum
466 556 581 598 aevum
597 542 784 612 occurrunt,
802 534 868 598 iam
879 533 1085 598 Onomccriti
1099 534 1303 618 temporibus
1319 535 1400 598 assi·

114 656 246 738 gnanda
257 655 338 718 erit?
361 655 515 717 Fortasse
527 642 751 732 concederem,
769 654 795 716 si
808 654 967 718 eiusmodi
977 646 1120 736 vestigia
1135 654 1223 738 apud
1231 654 1400 741 Periclece

115 773 234 836 aetatis
251 773 428 857 scriptores
444 772 682 836 invenirentur.
720 777 767 837 Ar
784 773 898 837 mundi
912 796 970 857 per
985 776 1170 837 Phanetem
1190 773 1315 836 conditi
1333 773 1400 857 pri·

114 916 198 970 mus,
216 893 333 955 utiam
349 893 588 975 Zoegarecte
605 893 868 971 animadvertit¹,
888 893 1054 956 Diodorus
1070 893 1271 956 mentionem
1290 892 1401 956 facere

114 1012 255 1075 videtur.
285 1014 336 1075 Ac
353 1034 393 1075 ne
410 1013 472 1074 hoc
490 1011 621 1094 quidem
636 1011 865 1075 testimonium
881 1011 970 1075 omni
986 1011 1170 1096 suspicione
1188 1023 1289 1075 caret.
1318 1012 1399 1074 Dio-

115 1131 213 1194 dorus
234 1130 339 1194 enim²
361 1131 401 1193 de
418 1131 658 1215 Aegyptiorum
683 1128 805 1195 fabulis
826 1131 989 1195 disserens
1010 1153 1066 1194 eos
1083 1130 1203 1194 Osirim
1225 1140 1259 1194 et
1274 1130 1400 1194 Isidem

114 1248 236 1332 primos
258 1250 336 1312 deos
358 1249 512 1313 habuisse
534 1258 655 1314 narrat.
689 1250 812 1314 Osirim
829 1252 939 1314 Solem
963 1273 1045 1314 esse.
1078 1251 1266 1313 Nonnullos
1287 1257 1401 1313 autem

114 1376 264 1432 veterum
273 1376 447 1452 poetarum
458 1370 658 1433 Graecorum
669 1392 742 1433 eum
754 1371 854 1433 etiam
862 1371 1049 1454 Dionysum
1057 1391 1276 1452 nuncupasse.
1300 1369 1399 1432 Quod

114 1495 152 1550 ut
168 1488 296 1572 probet,
313 1488 455 1572 primum
469 1488 625 1572 Eumolpi
641 1490 758 1552 deinde
776 1489 900 1573 Orphei
915 1511 1045 1553 versum
1062 1490 1187 1572 allegat
1202 1488 1253 1551 his
1270 1488 1399 1552 verbis:

113 1614 259 1693 Εὔμολπος
273 1617 367 1682 ἐντοῖς
382 1616 526 1698 Βακχικοῖς
542 1617 620 1676 ἔπεσί
633 1642 698 1696 φησι

327 1723 475 1799 Ἀστροφαῆ
494 1723 611 1780 Διόνυσον
630 1729 656 1780 ἐν
675 1727 800 1781 ἀκτίνεσσι
818 1728 945 1800 πυρωπόν,

118 1834 233 1914 Ὀρφεὺς
248 1839 278 1896 δὲ

329 1946 445 2000 Τούνειιά
463 1968 505 2018 μιν
523 1948 642 2002 καλέουσι
661 1947 770 2022 Φάνητά
788 1970 816 2003 τε
834 1951 879 2003 καί
896 1947 1023 2004 Διόνυσον.

114 2049 187 2111 Ηοο
211 2048 315 2132 igitur
338 2071 435 2113 versu
459 2051 603 2133 Orphico
629 2052 709 2115 mihi
733 2061 893 2116 nontam
917 2052 974 2115 ille
996 2052 1260 2135 Rhapsodiarum
1284 2050 1401 2114 mundi

115 2168 282 2246 eonditor,
310 2169 362 2232 cui
387 2169 488 2232 etiam
512 2171 644 2235 nomina
669 2172 805 2235 Metidis
831 2180 865 2235 et
889 2172 1067 2255 Eracapaei
1096 2177 1174 2233 sunt
1180 2173 1190 2247 ,'
1218 2192 1315 2252 qnam
1340 2168 1398 2232 Sol

113 2287 263 2350 denotari
288 2288 430 2351 videtur.
477 2289 517 2352 ld
547 2291 634 2372 quod
663 2290 847 2354 affirmatur
873 2291 1036 2355 Macrobii
1065 2290 1211 2354 verbis³:
1244 2290 1398 2371 Orpheus

115 2407 250 2469 Solem
264 2407 381 2469 volens
396 2407 542 2490 intelligi
557 2408 604 2472 ait
619 2409 706 2473 inter
722 2419 852 2475 caetera

327 2528 415 2597 τήνων
435 2526 525 2599 αἰθέρα
545 2528 598 2581 δῖον
617 2528 736 2601 ἀκίνητον
754 2531 811 2602 πρὶν
829 2532 904 2584 ἐόντα

329 2629 467 2702 ἐξανέφηνε
486 2630 556 2688 θεοῖς
575 2633 643 2703 ὥραν
661 2633 798 2685 κάλλιστον
818 2633 924 2695 ἰδέσθαι,

328 2731 356 2784 ὃν
375 2733 407 2802 δὴ
426 2739 469 2784 νῦν
487 2733 607 2786 καλέουσι
626 2731 735 2805 Φάνητά
752 2755 780 2788 τε
799 2737 843 2788 καὶ
861 2733 986 2797 Διόνυσον,

329 2832 470 2905 Εὐβουλῆά
488 2832 512 2888 τ’
532 2834 630 2889 ἀναατα
648 2837 692 2889 καὶ
708 2834 853 2909 Ἀνταύγην
872 2838 1003 2910 ἀρίδηλον,

329 2935 403 2989 ἀλλοι
421 2934 446 2988 δ’
466 2936 529 2990 ἄλλο
547 2938 667 2991 καλοῦσιν
686 2939 838 3013 ἐπιχθονίων
857 2941 1008 3012 ἀνθρώπων,

328 3047 427 3110 πρῶτος
446 3036 471 3091 δ’
491 3040 517 3097 ἐς
534 3042 597 3112 φάος
615 3040 691 3113 ἦλθε,
711 3039 836 3101 Διώνυσος
855 3041 878 3095 δ’
899 3016 1044 3114 ἐπεάλήθη,

329 3139 422 3194 οὕνεκα
441 3143 546 3196 δινεῖται
563 3141 622 3197 κατ’
643 3143 763 3217 ἀπείρονα
781 3147 880 3218 μακρὸν
892 3142 1027 3215 Ὄλυμπον

330 3243 474 3317 ἀλλαχθεὶς
492 3243 516 3298 δ’
536 3244 608 3316 ὄνομ’
629 3247 690 3320 ἔσχε
709 3248 882 3320 προςαναμίας
900 3250 961 3322 πρὸς
980 3249 1087 3302 ἕκαστον

329 3347 479 3400 παντοδαποὶ
497 3349 565 3402 κατὰ
582 3351 669 3422 καιρὸν
688 3350 866 3420 ἀμειβομένοιο
884 3353 994 3425 χρόνοιο.

115 3447 243 3511 Deinde
260 3449 392 3512 omnino
409 3449 572 3514 incertum
588 3459 654 3530 est,
677 3459 787 3515 utrum
807 3454 843 3517 hi
864 3477 976 3518 versus
998 3477 1038 3518 ex
1054 3453 1180 3538 Orphei
1195 3453 1401 3536 Theogonis,

116 3589 156 3629 an
174 3588 215 3630 ex
230 3567 294 3631 alio
312 3567 380 3630 eius
398 3569 538 3633 carmine
555 3571 741 3654 deprompti
758 3573 835 3636 sint.
869 3575 966 3638 Certe
982 3575 1052 3657 ipse
1068 3573 1305 3651 LobeckiuS,
1324 3594 1400 3634 cum

115 3684 149 3748 in
166 3688 397 3771 Aglaophamo
413 3689 575 3752 Macrobii
591 3691 699 3754 locum
715 3715 781 3756 non
796 3686 904 3757 minus
921 3717 1019 3778 quam
1034 3719 1067 3779 p.
1081 3697 1142 3759 497
1161 3693 1260 3756 etiam
1276 3717 1308 3776 p.
1323 3695 1400 3768 460,

116 3803 173 3867 nbi
194 3805 234 3868 de
252 3806 375 3890 Orphei
392 3808 564 3871 Palinodia
584 3810 637 3872 vel
653 3821 797 3899 Διαθήκαις
817 3836 922 3876 sermo
940 3820 1001 3891 est,
1024 3820 1179 3896 apponat,
1201 3811 1303 3876 tacite
1321 3833 1401 3873 con·

186 4026 245 4080 ¹L.
266 4049 287 4081 e.
304 4050 334 4097 p.
355 4037 413 4082 217.

185 4113 388 4177 911111111.

185 4199 330 4254 3Μαονοό.
352 4205 409 4255 Sat.
430 4207 457 4264 I,
483 4211 512 4254 18
538 4207 589 4270 (ed.
608 4211 704 4269 Janur,
734 4211 790 4259 Vol.
810 4212 885 4275 Hp.
908 4210 977 4272 173),
1002 4210 1034 4259 cf.
1054 4213 1087 4260 it.
1105 4228 1134 4275 p.
1156 4214 1217 4258 168:
1243 4210 1313 4258 Haec
1333 4223 1403 4272 quae·

117 4288 148 4336 de
160 4289 281 4353 Apolline
295 4290 406 4339 diximus
426 4293 474 4354 (sc.
489 4293 636 4355 „Apollinis
653 4309 747 4343 nomen
764 4295 901 4358 multiplici
918 4295 1127 4359 interpretatione
1144 4297 1175 4345 ad
1189 4295 1276 4345 Solem
1288 4293 1402 4344 τοίοινίιι

116 4375 141 4431 Ι,
163 4378 191 4423 17
207 4391 237 4438 p.
260 4375 320 4437 145)
338 4384 447 4438 possunt
465 4378 541 4426 etiarn
561 4381 591 4428 de
609 4380 705 4429 Libero
725 4382 794 4430 dicta
811 4382 962 4430 existimari.
