<?xml version="1.0" encoding="UTF-8"?>
<!DOCTYPE html PUBLIC "-//W3C//DTD XHTML 1.0 Transitional//EN"
    "http://www.w3.org/TR/xhtml1/DTD/xhtml1-transitional.dtd">
<html xmlns="http://www.w3.org/1999/xhtml" xml:lang="en" lang="en">
 <head>
  <title>
</title>
<meta http-equiv="Content-Type" content="text/html;charset=utf-8" />
  <meta name='ocr-system' content='tesseract 3.04.00' />
  <meta name='ocr-capabilities' content='ocr_page ocr_carea ocr_par ocr_line ocrx_word'/>
</head>
<body>
  <div class='ocr_page' id='page_1' title='image "./deveterisorphic01schugoog_0067.png"; bbox 0 0 3038 4988; ppageno 0'>
   <div class='ocr_carea' id='block_1_1' title="bbox 736 218 776 278">
    <p class='ocr_par' dir='ltr' id='par_1_1' title="bbox 736 218 776 278">
     <span class='ocr_line' id='line_1_1' title="bbox 736 218 776 278; baseline 0.05 -2"><span class='ocrx_word' id='word_1_1' title='bbox 736 218 776 278; x_wconf 85' lang='lat'><strong>58</strong></span> 
     </span>
    </p>
   </div>
   <div class='ocr_carea' id='block_1_2' title="bbox 114 416 1403 2410">
    <p class='ocr_par' dir='ltr' id='par_1_2' title="bbox 114 416 1403 2410">
     <span class='ocr_line' id='line_1_2' title="bbox 200 416 1398 500; baseline 0 -18"><span class='ocrx_word' id='word_1_2' title='bbox 200 418 328 482; x_wconf 77' lang='lat' dir='ltr'><strong>Quodsi</strong></span> <span class='ocrx_word' id='word_1_3' title='bbox 344 419 384 482; x_wconf 91' lang='lat' dir='ltr'><strong>de</strong></span> <span class='ocrx_word' id='word_1_4' title='bbox 401 416 548 481; x_wconf 89' lang='lat' dir='ltr'><strong>nomine</strong></span> <span class='ocrx_word' id='word_1_5' title='bbox 565 416 708 480; x_wconf 88' lang='lat' dir='ltr'><strong>auctoris</strong></span> <span class='ocrx_word' id='word_1_6' title='bbox 720 417 885 500; x_wconf 89' lang='lat' dir='ltr'><strong>Orphicae</strong></span> <span class='ocrx_word' id='word_1_7' title='bbox 900 416 1112 500; x_wconf 78' lang='lat' dir='ltr'><strong>Theogoniae</strong></span> <span class='ocrx_word' id='word_1_8' title='bbox 1129 416 1307 499; x_wconf 88' lang='lat' dir='ltr'><strong>quaeritur,</strong></span> <span class='ocrx_word' id='word_1_9' title='bbox 1325 440 1398 500; x_wconf 90' lang='lat' dir='ltr'><strong>pro-</strong></span> 
     </span>
     <span class='ocr_line' id='line_1_3' title="bbox 114 536 1400 620; baseline 0 -20"><span class='ocrx_word' id='word_1_10' title='bbox 114 537 202 601; x_wconf 85' lang='lat' dir='ltr'><strong>fecto</strong></span> <span class='ocrx_word' id='word_1_11' title='bbox 232 537 315 601; x_wconf 86' lang='lat' dir='ltr'><strong>nihil</strong></span> <span class='ocrx_word' id='word_1_12' title='bbox 341 538 422 601; x_wconf 90' lang='lat' dir='ltr'><strong>certi</strong></span> <span class='ocrx_word' id='word_1_13' title='bbox 452 536 517 600; x_wconf 89' lang='lat' dir='ltr'><strong>dici</strong></span> <span class='ocrx_word' id='word_1_14' title='bbox 540 543 667 620; x_wconf 90' lang='lat' dir='ltr'><strong>potest,</strong></span> <span class='ocrx_word' id='word_1_15' title='bbox 699 537 762 600; x_wconf 90' lang='lat' dir='ltr'><strong>nisi</strong></span> <span class='ocrx_word' id='word_1_16' title='bbox 787 537 858 620; x_wconf 88' lang='lat' dir='ltr'><strong>quis</strong></span> <span class='ocrx_word' id='word_1_17' title='bbox 883 559 943 600; x_wconf 90' lang='lat' dir='ltr'><strong>nos</strong></span> <span class='ocrx_word' id='word_1_18' title='bbox 973 537 1014 599; x_wconf 90' lang='lat' dir='ltr'><strong>ad</strong></span> <span class='ocrx_word' id='word_1_19' title='bbox 1039 536 1176 600; x_wconf 82' lang='lat' dir='ltr'><strong>Homeri</strong></span> <span class='ocrx_word' id='word_1_20' title='bbox 1204 543 1238 600; x_wconf 88' lang='lat' dir='ltr'><strong>et</strong></span> <span class='ocrx_word' id='word_1_21' title='bbox 1262 536 1400 600; x_wconf 84' lang='lat' dir='ltr'><strong>Hesiodi</strong></span> 
     </span>
     <span class='ocr_line' id='line_1_4' title="bbox 116 655 1399 740; baseline -0.001 -21"><span class='ocrx_word' id='word_1_22' title='bbox 116 658 302 740; x_wconf 84' lang='lat' dir='ltr'><strong>exemplum</strong></span> <span class='ocrx_word' id='word_1_23' title='bbox 323 678 480 721; x_wconf 90' lang='lat' dir='ltr'><strong>revocans</strong></span> <span class='ocrx_word' id='word_1_24' title='bbox 502 657 701 720; x_wconf 73' lang='lat' dir='ltr'>contendere</span> <span class='ocrx_word' id='word_1_25' title='bbox 724 657 855 733; x_wconf 89' lang='lat' dir='ltr'><strong>audeat,</strong></span> <span class='ocrx_word' id='word_1_26' title='bbox 882 656 987 739; x_wconf 91' lang='lat' dir='ltr'><strong>ipsum</strong></span> <span class='ocrx_word' id='word_1_27' title='bbox 1013 656 1183 739; x_wconf 90' lang='lat' dir='ltr'>Orpheum</span> <span class='ocrx_word' id='word_1_28' title='bbox 1205 677 1277 719; x_wconf 89' lang='lat' dir='ltr'><strong>eam</strong></span> <span class='ocrx_word' id='word_1_29' title='bbox 1298 655 1399 740; x_wconf 90' lang='lat' dir='ltr'><strong>scrip-</strong></span> 
     </span>
     <span class='ocr_line' id='line_1_5' title="bbox 115 774 1400 859; baseline 0 -21"><span class='ocrx_word' id='word_1_30' title='bbox 115 776 207 839; x_wconf 90' lang='lat' dir='ltr'><strong>sisse.</strong></span> <span class='ocrx_word' id='word_1_31' title='bbox 253 778 302 839; x_wconf 87' lang='lat' dir='ltr'><strong>At</strong></span> <span class='ocrx_word' id='word_1_32' title='bbox 323 777 422 859; x_wconf 85' lang='lat' dir='ltr'><strong>longe</strong></span> <span class='ocrx_word' id='word_1_33' title='bbox 442 776 538 839; x_wconf 91' lang='lat' dir='ltr'><strong>aliter</strong></span> <span class='ocrx_word' id='word_1_34' title='bbox 553 797 605 838; x_wconf 90' lang='lat' dir='ltr'><strong>res</strong></span> <span class='ocrx_word' id='word_1_35' title='bbox 621 798 656 839; x_wconf 91' lang='lat' dir='ltr'><strong>se</strong></span> <span class='ocrx_word' id='word_1_36' title='bbox 672 776 775 840; x_wconf 88' lang='lat' dir='ltr'><strong>habet</strong></span> <span class='ocrx_word' id='word_1_37' title='bbox 796 776 916 839; x_wconf 89' lang='lat' dir='ltr'><strong>dehoc</strong></span> <span class='ocrx_word' id='word_1_38' title='bbox 939 783 1037 859; x_wconf 89' lang='lat' dir='ltr'><strong>atque</strong></span> <span class='ocrx_word' id='word_1_39' title='bbox 1060 776 1100 838; x_wconf 91' lang='lat' dir='ltr'><strong>de</strong></span> <span class='ocrx_word' id='word_1_40' title='bbox 1122 774 1200 837; x_wconf 93' lang='lat' dir='ltr'><strong>illis.</strong></span> <span class='ocrx_word' id='word_1_41' title='bbox 1247 775 1400 839; x_wconf 72' lang='lat' dir='ltr'><strong>Forsitan</strong></span> 
     </span>
     <span class='ocr_line' id='line_1_6' title="bbox 115 894 1399 979; baseline -0.001 -22"><span class='ocrx_word' id='word_1_42' title='bbox 115 895 202 957; x_wconf 90' lang='lat' dir='ltr'><strong>enim</strong></span> <span class='ocrx_word' id='word_1_43' title='bbox 227 894 344 977; x_wconf 87' lang='lat' dir='ltr'><strong>aliquis</strong></span> <span class='ocrx_word' id='word_1_44' title='bbox 369 895 423 974; x_wconf 92' lang='lat' dir='ltr'><strong>iis,</strong></span> <span class='ocrx_word' id='word_1_45' title='bbox 451 917 533 978; x_wconf 88' lang='lat' dir='ltr'><strong>quae</strong></span> <span class='ocrx_word' id='word_1_46' title='bbox 548 895 598 958; x_wconf 89' lang='lat' dir='ltr'><strong>de</strong></span> <span class='ocrx_word' id='word_1_47' title='bbox 623 895 730 978; x_wconf 88' lang='lat' dir='ltr'><strong>patria</strong></span> <span class='ocrx_word' id='word_1_48' title='bbox 751 894 887 958; x_wconf 88' lang='lat' dir='ltr'><strong>Homeri</strong></span> <span class='ocrx_word' id='word_1_49' title='bbox 911 894 1102 972; x_wconf 88' lang='lat' dir='ltr'><strong>traduntur,</strong></span> <span class='ocrx_word' id='word_1_50' title='bbox 1129 901 1298 979; x_wconf 87' lang='lat' dir='ltr'><strong>permotus</strong></span> <span class='ocrx_word' id='word_1_51' title='bbox 1324 916 1399 958; x_wconf 92' lang='lat' dir='ltr'><strong>con·</strong></span> 
     </span>
     <span class='ocr_line' id='line_1_7' title="bbox 116 1013 1398 1097; baseline 0 -21"><span class='ocrx_word' id='word_1_52' title='bbox 116 1015 222 1092; x_wconf 89' lang='lat' dir='ltr'><strong>cedat,</strong></span> <span class='ocrx_word' id='word_1_53' title='bbox 248 1015 428 1078; x_wconf 88' lang='lat' dir='ltr'><strong>Homerum</strong></span> <span class='ocrx_word' id='word_1_54' title='bbox 454 1016 611 1097; x_wconf 81' lang='lat' dir='ltr'><strong>Smyrnae</strong></span> <span class='ocrx_word' id='word_1_55' title='bbox 636 1015 689 1078; x_wconf 89' lang='lat' dir='ltr'><strong>vel</strong></span> <span class='ocrx_word' id='word_1_56' title='bbox 714 1014 790 1077; x_wconf 87' lang='lat' dir='ltr'><strong>Ohii</strong></span> <span class='ocrx_word' id='word_1_57' title='bbox 814 1014 954 1078; x_wconf 86' lang='lat' dir='ltr'><strong>Iliadem</strong></span> <span class='ocrx_word' id='word_1_58' title='bbox 980 1013 1218 1097; x_wconf 79' lang='lat' dir='ltr'><strong>composuisse,</strong></span> <span class='ocrx_word' id='word_1_59' title='bbox 1245 1022 1279 1076; x_wconf 90' lang='lat' dir='ltr'><strong>et</strong></span> <span class='ocrx_word' id='word_1_60' title='bbox 1303 1035 1398 1097; x_wconf 89' lang='lat' dir='ltr'><strong>porro</strong></span> 
     </span>
     <span class='ocr_line' id='line_1_8' title="bbox 115 1131 1400 1216; baseline -0.001 -21"><span class='ocrx_word' id='word_1_61' title='bbox 115 1133 309 1211; x_wconf 88' lang='lat' dir='ltr'><strong>Hesiodum,</strong></span> <span class='ocrx_word' id='word_1_62' title='bbox 334 1133 389 1216; x_wconf 90' lang='lat' dir='ltr'><strong>qui</strong></span> <span class='ocrx_word' id='word_1_63' title='bbox 411 1157 429 1196; x_wconf 90' lang='lat' dir='ltr'><strong>a</strong></span> <span class='ocrx_word' id='word_1_64' title='bbox 445 1133 551 1196; x_wconf 91' lang='lat' dir='ltr'><strong>Musis</strong></span> <span class='ocrx_word' id='word_1_65' title='bbox 567 1133 839 1197; x_wconf 90' lang='lat' dir='ltr'><strong>Heliconiadibus</strong></span> <span class='ocrx_word' id='word_1_66' title='bbox 863 1133 1049 1197; x_wconf 89' lang='lat' dir='ltr'><strong>concitatus</strong></span> <span class='ocrx_word' id='word_1_67' title='bbox 1065 1131 1291 1216; x_wconf 78' lang='lat' dir='ltr'><strong>Theogoniam</strong></span> <span class='ocrx_word' id='word_1_68' title='bbox 1307 1155 1400 1196; x_wconf 91' lang='lat' dir='ltr'><strong>suam</strong></span> 
     </span>
     <span class='ocr_line' id='line_1_9' title="bbox 116 1252 1397 1336; baseline -0.001 -21"><span class='ocrx_word' id='word_1_69' title='bbox 116 1252 314 1330; x_wconf 90' lang='lat' dir='ltr'><strong>condiderit,</strong></span> <span class='ocrx_word' id='word_1_70' title='bbox 348 1253 488 1317; x_wconf 89' lang='lat' dir='ltr'><strong>cundem</strong></span> <span class='ocrx_word' id='word_1_71' title='bbox 510 1275 581 1316; x_wconf 89' lang='lat' dir='ltr'><strong>esse</strong></span> <span class='ocrx_word' id='word_1_72' title='bbox 604 1253 790 1336; x_wconf 88' lang='lat' dir='ltr'><strong>suspicetur</strong></span> <span class='ocrx_word' id='word_1_73' title='bbox 811 1260 911 1335; x_wconf 90' lang='lat' dir='ltr'><strong>atque</strong></span> <span class='ocrx_word' id='word_1_74' title='bbox 933 1252 1028 1316; x_wconf 92' lang='lat' dir='ltr'><strong>illum</strong></span> <span class='ocrx_word' id='word_1_75' title='bbox 1052 1259 1184 1336; x_wconf 88' lang='lat' dir='ltr'><strong>poetam</strong></span> <span class='ocrx_word' id='word_1_76' title='bbox 1206 1253 1397 1329; x_wconf 76' lang='lat' dir='ltr'><strong>Ascraeum,</strong></span> 
     </span>
     <span class='ocr_line' id='line_1_10' title="bbox 115 1371 1398 1460; baseline -0.002 -26"><span class='ocrx_word' id='word_1_77' title='bbox 115 1379 284 1435; x_wconf 90' lang='lat' dir='ltr'><strong>auctorem</strong></span> <span class='ocrx_word' id='word_1_78' title='bbox 306 1372 469 1450; x_wconf 85' lang='lat' dir='ltr'><strong>carminis,</strong></span> <span class='ocrx_word' id='word_1_79' title='bbox 494 1373 582 1455; x_wconf 92' lang='lat' dir='ltr'><strong>quod</strong></span> <span class='ocrx_word' id='word_1_80' title='bbox 599 1377 687 1458; x_wconf 74' lang='grc' dir='ltr'>Ἔργα</span> <span class='ocrx_word' id='word_1_81' title='bbox 707 1381 752 1441; x_wconf 77' lang='grc' dir='ltr'><strong>καὶ</strong></span> <span class='ocrx_word' id='word_1_82' title='bbox 768 1379 886 1460; x_wconf 83' lang='grc' dir='ltr'>Ἡμέραι</span> <span class='ocrx_word' id='word_1_83' title='bbox 906 1371 1098 1437; x_wconf 88' lang='lat' dir='ltr'><strong>inscribitur</strong></span> <span class='ocrx_word' id='word_1_84' title='bbox 1103 1397 1112 1448; x_wconf 78' lang='lat'>3</span> <span class='ocrx_word' id='word_1_85' title='bbox 1137 1372 1194 1435; x_wconf 88' lang='lat' dir='ltr'><strong>sed</strong></span> <span class='ocrx_word' id='word_1_86' title='bbox 1218 1372 1398 1454; x_wconf 90' lang='lat' dir='ltr'><strong>Orpheum,</strong></span> 
     </span>
     <span class='ocr_line' id='line_1_11' title="bbox 115 1490 1401 1574; baseline 0 -22"><span class='ocrx_word' id='word_1_87' title='bbox 115 1490 298 1574; x_wconf 67' lang='lat' dir='ltr'><strong>Thamyris</strong></span> <span class='ocrx_word' id='word_1_88' title='bbox 318 1491 373 1574; x_wconf 89' lang='lat' dir='ltr'><strong>qui</strong></span> <span class='ocrx_word' id='word_1_89' title='bbox 388 1491 453 1554; x_wconf 88' lang='lat' dir='ltr'><strong>iam</strong></span> <span class='ocrx_word' id='word_1_90' title='bbox 469 1493 509 1554; x_wconf 87' lang='lat' dir='ltr'><strong>ab</strong></span> <span class='ocrx_word' id='word_1_91' title='bbox 526 1492 670 1555; x_wconf 90' lang='lat' dir='ltr'><strong>Homero</strong></span> <span class='ocrx_word' id='word_1_92' title='bbox 688 1492 885 1570; x_wconf 70' lang='lat' dir='ltr'><strong>celebretur,</strong></span> <span class='ocrx_word' id='word_1_93' title='bbox 903 1491 1074 1573; x_wconf 91' lang='lat' dir='ltr'><strong>aequalem</strong></span> <span class='ocrx_word' id='word_1_94' title='bbox 1091 1498 1125 1554; x_wconf 89' lang='lat' dir='ltr'><strong>et</strong></span> <span class='ocrx_word' id='word_1_95' title='bbox 1146 1490 1248 1574; x_wconf 90' lang='lat' dir='ltr'><strong>ipsius</strong></span> <span class='ocrx_word' id='word_1_96' title='bbox 1265 1490 1401 1554; x_wconf 89' lang='lat' dir='ltr'><strong>Homeri</strong></span> 
     </span>
     <span class='ocr_line' id='line_1_12' title="bbox 115 1610 1402 1693; baseline 0 -21"><span class='ocrx_word' id='word_1_97' title='bbox 115 1613 376 1674; x_wconf 86' lang='lat' dir='ltr'><strong>antecessorem¹</strong></span> <span class='ocrx_word' id='word_1_98' title='bbox 409 1632 495 1688; x_wconf 88' lang='lat' dir='ltr'><strong>eam,</strong></span> <span class='ocrx_word' id='word_1_99' title='bbox 528 1611 620 1693; x_wconf 89' lang='lat' dir='ltr'><strong>cujus</strong></span> <span class='ocrx_word' id='word_1_100' title='bbox 645 1632 732 1673; x_wconf 92' lang='lat' dir='ltr'><strong>nunc</strong></span> <span class='ocrx_word' id='word_1_101' title='bbox 763 1611 951 1692; x_wconf 88' lang='lat' dir='ltr'><strong>fragmenta</strong></span> <span class='ocrx_word' id='word_1_102' title='bbox 982 1618 1148 1688; x_wconf 88' lang='lat' dir='ltr'><strong>tenemus,</strong></span> <span class='ocrx_word' id='word_1_103' title='bbox 1175 1610 1402 1693; x_wconf 81' lang='lat' dir='ltr'><strong>Theogoniam</strong></span> 
     </span>
     <span class='ocr_line' id='line_1_13' title="bbox 116 1728 1399 1813; baseline -0.001 -22"><span class='ocrx_word' id='word_1_104' title='bbox 116 1728 295 1813; x_wconf 87' lang='lat' dir='ltr'><strong>scripsisse,</strong></span> <span class='ocrx_word' id='word_1_105' title='bbox 319 1729 512 1793; x_wconf 88' lang='lat' dir='ltr'><strong>incredibile</strong></span> <span class='ocrx_word' id='word_1_106' title='bbox 531 1729 612 1792; x_wconf 91' lang='lat' dir='ltr'><strong>mihi</strong></span> <span class='ocrx_word' id='word_1_107' title='bbox 633 1729 775 1793; x_wconf 85' lang='lat' dir='ltr'><strong>videtur.</strong></span> <span class='ocrx_word' id='word_1_108' title='bbox 814 1731 898 1792; x_wconf 90' lang='lat' dir='ltr'><strong>Cum</strong></span> <span class='ocrx_word' id='word_1_109' title='bbox 920 1737 1030 1792; x_wconf 89' lang='lat' dir='ltr'><strong>autem</strong></span> <span class='ocrx_word' id='word_1_110' title='bbox 1052 1737 1129 1812; x_wconf 92' lang='lat' dir='ltr'><strong>post</strong></span> <span class='ocrx_word' id='word_1_111' title='bbox 1144 1728 1399 1806; x_wconf 86' lang='lat' dir='ltr'><strong>Lobcckium,</strong></span> 
     </span>
     <span class='ocr_line' id='line_1_14' title="bbox 116 1847 1401 1932; baseline 0.001 -22"><span class='ocrx_word' id='word_1_112' title='bbox 116 1847 172 1931; x_wconf 94' lang='lat' dir='ltr'><strong>qui</strong></span> <span class='ocrx_word' id='word_1_113' title='bbox 194 1847 228 1911; x_wconf 90' lang='lat' dir='ltr'><strong>in</strong></span> <span class='ocrx_word' id='word_1_114' title='bbox 249 1849 334 1912; x_wconf 94' lang='lat' dir='ltr'><strong>libro</strong></span> <span class='ocrx_word' id='word_1_115' title='bbox 357 1849 500 1912; x_wconf 90' lang='lat' dir='ltr'><strong>secundo</strong></span> <span class='ocrx_word' id='word_1_116' title='bbox 523 1848 766 1932; x_wconf 79' lang='lat' dir='ltr'><strong>Aglaophami²</strong></span> <span class='ocrx_word' id='word_1_117' title='bbox 789 1849 932 1912; x_wconf 86' lang='lat' dir='ltr'><strong>Graecos</strong></span> <span class='ocrx_word' id='word_1_118' title='bbox 955 1856 1032 1911; x_wconf 90' lang='lat' dir='ltr'><strong>ante</strong></span> <span class='ocrx_word' id='word_1_119' title='bbox 1054 1849 1234 1912; x_wconf 90' lang='lat' dir='ltr'><strong>Homerum</strong></span> <span class='ocrx_word' id='word_1_120' title='bbox 1254 1847 1339 1912; x_wconf 90' lang='lat' dir='ltr'><strong>nihil</strong></span> <span class='ocrx_word' id='word_1_121' title='bbox 1361 1849 1401 1911; x_wconf 92' lang='lat' dir='ltr'><strong>de</strong></span> 
     </span>
     <span class='ocr_line' id='line_1_15' title="bbox 117 1967 1403 2051; baseline -0.001 -21"><span class='ocrx_word' id='word_1_122' title='bbox 117 1969 249 2050; x_wconf 88' lang='lat' dir='ltr'><strong>Orpheo</strong></span> <span class='ocrx_word' id='word_1_123' title='bbox 279 1968 449 2051; x_wconf 87' lang='lat' dir='ltr'><strong>cognitum</strong></span> <span class='ocrx_word' id='word_1_124' title='bbox 476 1969 630 2031; x_wconf 91' lang='lat' dir='ltr'><strong>habuisse</strong></span> <span class='ocrx_word' id='word_1_125' title='bbox 656 1969 789 2051; x_wconf 80' lang='lat' dir='ltr'><strong>egregie</strong></span> <span class='ocrx_word' id='word_1_126' title='bbox 816 1968 1024 2045; x_wconf 86' lang='lat' dir='ltr'><strong>defenderat,</strong></span> <span class='ocrx_word' id='word_1_127' title='bbox 1051 1967 1108 2030; x_wconf 89' lang='lat' dir='ltr'><strong>alii</strong></span> <span class='ocrx_word' id='word_1_128' title='bbox 1130 1967 1320 2031; x_wconf 72' lang='lat' dir='ltr'><strong>exstiterint</strong></span> <span class='ocrx_word' id='word_1_129' title='bbox 1341 1967 1403 2030; x_wconf 92' lang='lat' dir='ltr'><strong>viri</strong></span> 
     </span>
     <span class='ocr_line' id='line_1_16' title="bbox 116 2086 1401 2170; baseline -0.001 -21"><span class='ocrx_word' id='word_1_130' title='bbox 116 2086 310 2165; x_wconf 85' lang='lat' dir='ltr'><strong>doctissimi,</strong></span> <span class='ocrx_word' id='word_1_131' title='bbox 329 2087 385 2170; x_wconf 91' lang='lat' dir='ltr'><strong>qui</strong></span> <span class='ocrx_word' id='word_1_132' title='bbox 394 2088 500 2150; x_wconf 91' lang='lat' dir='ltr'><strong>multa</strong></span> <span class='ocrx_word' id='word_1_133' title='bbox 516 2095 550 2150; x_wconf 91' lang='lat' dir='ltr'><strong>et</strong></span> <span class='ocrx_word' id='word_1_134' title='bbox 564 2087 645 2150; x_wconf 92' lang='lat' dir='ltr'><strong>mira</strong></span> <span class='ocrx_word' id='word_1_135' title='bbox 660 2087 700 2150; x_wconf 89' lang='lat' dir='ltr'><strong>de</strong></span> <span class='ocrx_word' id='word_1_136' title='bbox 717 2087 952 2151; x_wconf 86' lang='lat' dir='ltr'><strong>vetustissimis</strong></span> <span class='ocrx_word' id='word_1_137' title='bbox 963 2087 1110 2151; x_wconf 80' lang='lat' dir='ltr'><strong>Thraciis</strong></span> <span class='ocrx_word' id='word_1_138' title='bbox 1126 2088 1258 2152; x_wconf 86' lang='lat' dir='ltr'><strong>vatibus</strong></span> <span class='ocrx_word' id='word_1_139' title='bbox 1274 2109 1401 2151; x_wconf 89' lang='lat' dir='ltr'><strong>eorum-</strong></span> 
     </span>
     <span class='ocr_line' id='line_1_17' title="bbox 117 2206 1401 2290; baseline 0.001 -23"><span class='ocrx_word' id='word_1_140' title='bbox 117 2227 178 2288; x_wconf 92' lang='lat' dir='ltr'><strong>que</strong></span> <span class='ocrx_word' id='word_1_141' title='bbox 201 2206 324 2269; x_wconf 89' lang='lat' dir='ltr'><strong>scholis</strong></span> <span class='ocrx_word' id='word_1_142' title='bbox 346 2229 477 2269; x_wconf 88' lang='lat' dir='ltr'><strong>narrare</strong></span> <span class='ocrx_word' id='word_1_143' title='bbox 499 2229 564 2270; x_wconf 86' lang='lat' dir='ltr'><strong>non</strong></span> <span class='ocrx_word' id='word_1_144' title='bbox 587 2206 809 2284; x_wconf 80' lang='lat' dir='ltr'><strong>dubitarent,³</strong></span> <span class='ocrx_word' id='word_1_145' title='bbox 832 2228 966 2270; x_wconf 89' lang='lat' dir='ltr'><strong>necesse</strong></span> <span class='ocrx_word' id='word_1_146' title='bbox 984 2213 1045 2283; x_wconf 88' lang='lat' dir='ltr'><strong>est,</strong></span> <span class='ocrx_word' id='word_1_147' title='bbox 1069 2206 1124 2270; x_wconf 83' lang='lat' dir='ltr'><strong>hic</strong></span> <span class='ocrx_word' id='word_1_148' title='bbox 1147 2228 1276 2290; x_wconf 89' lang='lat' dir='ltr'><strong>quoque</strong></span> <span class='ocrx_word' id='word_1_149' title='bbox 1299 2229 1401 2289; x_wconf 89' lang='lat' dir='ltr'><strong>quan·</strong></span> 
     </span>
     <span class='ocr_line' id='line_1_18' title="bbox 115 2325 1401 2410; baseline 0.001 -23"><span class='ocrx_word' id='word_1_150' title='bbox 115 2331 186 2387; x_wconf 91' lang='lat' dir='ltr'><strong>tum</strong></span> <span class='ocrx_word' id='word_1_151' title='bbox 203 2347 260 2408; x_wconf 91' lang='lat' dir='ltr'><strong>per</strong></span> <span class='ocrx_word' id='word_1_152' title='bbox 281 2327 380 2409; x_wconf 87' lang='lat' dir='ltr'><strong>hujus</strong></span> <span class='ocrx_word' id='word_1_153' title='bbox 403 2326 712 2389; x_wconf 85' lang='lat' dir='ltr'><strong>dissertatiunculae</strong></span> <span class='ocrx_word' id='word_1_154' title='bbox 735 2326 879 2410; x_wconf 87' lang='lat' dir='ltr'><strong>spatium</strong></span> <span class='ocrx_word' id='word_1_155' title='bbox 895 2326 974 2389; x_wconf 91' lang='lat' dir='ltr'><strong>licet</strong></span> <span class='ocrx_word' id='word_1_156' title='bbox 997 2325 1106 2408; x_wconf 90' lang='lat' dir='ltr'><strong>aliqua</strong></span> <span class='ocrx_word' id='word_1_157' title='bbox 1128 2327 1257 2403; x_wconf 92' lang='lat' dir='ltr'><strong>addam,</strong></span> <span class='ocrx_word' id='word_1_158' title='bbox 1282 2326 1401 2408; x_wconf 89' lang='lat' dir='ltr'><strong>quibus</strong></span> 
     </span>
    </p>
   </div>
   <div class='ocr_carea' id='block_1_3' title="bbox 115 2425 1402 2528">
    <p class='ocr_par' dir='ltr' id='par_1_3' title="bbox 115 2425 1402 2528">
     <span class='ocr_line' id='line_1_19' title="bbox 115 2425 1402 2528; baseline 0.002 -23"><span class='ocrx_word' id='word_1_159' title='bbox 115 2450 281 2527; x_wconf 85' lang='lat' dir='ltr'><strong>appareat,</strong></span> <span class='ocrx_word' id='word_1_160' title='bbox 300 2445 463 2526; x_wconf 85' lang='lat' dir='ltr'><strong>quomodo</strong></span> <span class='ocrx_word' id='word_1_161' title='bbox 476 2445 601 2528; x_wconf 92' lang='lat' dir='ltr'><strong>Orphei</strong></span> <span class='ocrx_word' id='word_1_162' title='bbox 615 2467 735 2508; x_wconf 91' lang='lat' dir='ltr'><strong>nomen</strong></span> <span class='ocrx_word' id='word_1_163' title='bbox 750 2445 890 2528; x_wconf 89' lang='lat' dir='ltr'><strong>primum</strong></span> <span class='ocrx_word' id='word_1_164' title='bbox 906 2452 1039 2507; x_wconf 88' lang='lat' dir='ltr'><strong>nostrae</strong></span> <span class='ocrx_word' id='word_1_165' title='bbox 1049 2444 1260 2527; x_wconf 80' lang='lat' dir='ltr'><strong>Theogoniae</strong></span> <span class='ocrx_word' id='word_1_166' title='bbox 1277 2425 1402 2527; x_wconf 49' lang='lat' dir='ltr'><strong>et&#39;pos-</strong></span> 
     </span>
    </p>
   </div>
   <div class='ocr_carea' id='block_1_4' title="bbox 115 2559 1404 3720">
    <p class='ocr_par' dir='ltr' id='par_1_4' title="bbox 115 2559 1404 3720">
     <span class='ocr_line' id='line_1_20' title="bbox 115 2559 1404 2648; baseline 0.002 -24"><span class='ocrx_word' id='word_1_167' title='bbox 115 2569 170 2624; x_wconf 90' lang='lat' dir='ltr'><strong>tea</strong></span> <span class='ocrx_word' id='word_1_168' title='bbox 191 2562 305 2625; x_wconf 87' lang='lat' dir='ltr'><strong>multis</strong></span> <span class='ocrx_word' id='word_1_169' title='bbox 322 2563 394 2626; x_wconf 89' lang='lat' dir='ltr'><strong>aliis</strong></span> <span class='ocrx_word' id='word_1_170' title='bbox 415 2563 508 2628; x_wconf 90' lang='lat' dir='ltr'><strong>libris</strong></span> <span class='ocrx_word' id='word_1_171' title='bbox 524 2564 631 2648; x_wconf 91' lang='lat' dir='ltr'><strong>plenis</strong></span> <span class='ocrx_word' id='word_1_172' title='bbox 653 2559 891 2647; x_wconf 89' lang='lat' dir='ltr'><strong>philosophicis</strong></span> <span class='ocrx_word' id='word_1_173' title='bbox 909 2571 942 2626; x_wconf 93' lang='lat' dir='ltr'><strong>et</strong></span> <span class='ocrx_word' id='word_1_174' title='bbox 959 2563 1109 2647; x_wconf 84' lang='lat' dir='ltr'><strong>mysticis</strong></span> <span class='ocrx_word' id='word_1_175' title='bbox 1126 2571 1160 2627; x_wconf 92' lang='lat' dir='ltr'><strong>et</strong></span> <span class='ocrx_word' id='word_1_176' title='bbox 1181 2565 1223 2626; x_wconf 91' lang='lat' dir='ltr'><strong>ad</strong></span> <span class='ocrx_word' id='word_1_177' title='bbox 1239 2563 1404 2628; x_wconf 87' lang='lat' dir='ltr'><strong>Bacchica</strong></span> 
     </span>
     <span class='ocr_line' id='line_1_21' title="bbox 115 2682 1404 2766; baseline 0.002 -23"><span class='ocrx_word' id='word_1_178' title='bbox 115 2703 207 2743; x_wconf 90' lang='lat' dir='ltr'><strong>sacra</strong></span> <span class='ocrx_word' id='word_1_179' title='bbox 228 2683 456 2765; x_wconf 87' lang='lat' dir='ltr'><strong>spectantibus</strong></span> <span class='ocrx_word' id='word_1_180' title='bbox 478 2683 637 2747; x_wconf 91' lang='lat' dir='ltr'><strong>doctrinis</strong></span> <span class='ocrx_word' id='word_1_181' title='bbox 659 2683 855 2766; x_wconf 89' lang='lat' dir='ltr'><strong>inscriptum</strong></span> <span class='ocrx_word' id='word_1_182' title='bbox 877 2683 921 2745; x_wconf 91' lang='lat' dir='ltr'><strong>sit</strong></span> <span class='ocrx_word' id='word_1_183' title='bbox 943 2705 1090 2766; x_wconf 90' lang='lat' dir='ltr'><strong>quaeque</strong></span> <span class='ocrx_word' id='word_1_184' title='bbox 1113 2682 1295 2746; x_wconf 90' lang='lat' dir='ltr'><strong>similitudo</strong></span> <span class='ocrx_word' id='word_1_185' title='bbox 1316 2682 1404 2746; x_wconf 92' lang='lat' dir='ltr'><strong>inter</strong></span> 
     </span>
     <span class='ocr_line' id='line_1_22' title="bbox 116 2801 1404 2883; baseline 0.002 -21"><span class='ocrx_word' id='word_1_186' title='bbox 116 2801 296 2883; x_wconf 92' lang='lat' dir='ltr'><strong>Orpheum,</strong></span> <span class='ocrx_word' id='word_1_187' title='bbox 329 2802 520 2880; x_wconf 91' lang='lat' dir='ltr'><strong>Homerum,</strong></span> <span class='ocrx_word' id='word_1_188' title='bbox 552 2802 734 2866; x_wconf 90' lang='lat' dir='ltr'><strong>Hesiodum</strong></span> <span class='ocrx_word' id='word_1_189' title='bbox 765 2802 847 2865; x_wconf 90' lang='lat' dir='ltr'><strong>mihi</strong></span> <span class='ocrx_word' id='word_1_190' title='bbox 877 2802 1079 2866; x_wconf 91' lang='lat' dir='ltr'><strong>intercedere</strong></span> <span class='ocrx_word' id='word_1_191' title='bbox 1111 2802 1271 2865; x_wconf 85' lang='lat' dir='ltr'><strong>videatur.</strong></span> <span class='ocrx_word' id='word_1_192' title='bbox 1319 2803 1404 2865; x_wconf 88' lang='lat' dir='ltr'><strong>Cum</strong></span> 
     </span>
     <span class='ocr_line' id='line_1_23' title="bbox 115 2919 1403 3005; baseline 0.003 -24"><span class='ocrx_word' id='word_1_193' title='bbox 115 2919 217 3002; x_wconf 88' lang='lat' dir='ltr'><strong>igitur</strong></span> <span class='ocrx_word' id='word_1_194' title='bbox 234 2942 273 2982; x_wconf 84' lang='lat' dir='ltr'><strong>ex</strong></span> <span class='ocrx_word' id='word_1_195' title='bbox 289 2921 497 3005; x_wconf 91' lang='lat' dir='ltr'><strong>memetipso</strong></span> <span class='ocrx_word' id='word_1_196' title='bbox 515 2943 645 3004; x_wconf 88' lang='lat' dir='ltr'><strong>quaero,</strong></span> <span class='ocrx_word' id='word_1_197' title='bbox 665 2943 721 2984; x_wconf 91' lang='lat' dir='ltr'><strong>cur</strong></span> <span class='ocrx_word' id='word_1_198' title='bbox 737 2922 917 2984; x_wconf 91' lang='lat' dir='ltr'><strong>Homerum</strong></span> <span class='ocrx_word' id='word_1_199' title='bbox 933 2921 1085 2997; x_wconf 90' lang='lat' dir='ltr'><strong>Iliadem,</strong></span> <span class='ocrx_word' id='word_1_200' title='bbox 1103 2921 1286 2985; x_wconf 89' lang='lat' dir='ltr'><strong>Hesiodum</strong></span> <span class='ocrx_word' id='word_1_201' title='bbox 1295 2923 1403 2986; x_wconf 78' lang='lat' dir='ltr'><strong>Theo·</strong></span> 
     </span>
     <span class='ocr_line' id='line_1_24' title="bbox 115 3039 1402 3124; baseline 0.002 -23"><span class='ocrx_word' id='word_1_202' title='bbox 115 3039 248 3120; x_wconf 89' lang='lat' dir='ltr'><strong>goniam</strong></span> <span class='ocrx_word' id='word_1_203' title='bbox 271 3040 440 3124; x_wconf 88' lang='lat' dir='ltr'><strong>scripsisse</strong></span> <span class='ocrx_word' id='word_1_204' title='bbox 448 3041 550 3103; x_wconf 56' lang='lat' dir='ltr'><strong>shaud</strong></span> <span class='ocrx_word' id='word_1_205' title='bbox 572 3040 675 3104; x_wconf 89' lang='lat' dir='ltr'><strong>invite</strong></span> <span class='ocrx_word' id='word_1_206' title='bbox 698 3041 889 3118; x_wconf 91' lang='lat' dir='ltr'><strong>concedam,</strong></span> <span class='ocrx_word' id='word_1_207' title='bbox 907 3041 1077 3123; x_wconf 90' lang='lat' dir='ltr'><strong>Orpheum</strong></span> <span class='ocrx_word' id='word_1_208' title='bbox 1098 3063 1175 3104; x_wconf 93' lang='lat' dir='ltr'><strong>vero</strong></span> <span class='ocrx_word' id='word_1_209' title='bbox 1197 3043 1256 3104; x_wconf 90' lang='lat' dir='ltr'><strong>has</strong></span> <span class='ocrx_word' id='word_1_210' title='bbox 1273 3041 1402 3105; x_wconf 87' lang='lat' dir='ltr'><strong>Genea·</strong></span> 
     </span>
     <span class='ocr_line' id='line_1_25' title="bbox 116 3157 1401 3243; baseline 0.002 -24"><span class='ocrx_word' id='word_1_211' title='bbox 116 3157 221 3240; x_wconf 90' lang='lat' dir='ltr'><strong>logias</strong></span> <span class='ocrx_word' id='word_1_212' title='bbox 244 3159 419 3221; x_wconf 89' lang='lat' dir='ltr'><strong>adornasse</strong></span> <span class='ocrx_word' id='word_1_213' title='bbox 442 3159 549 3223; x_wconf 90' lang='lat' dir='ltr'><strong>dicere</strong></span> <span class='ocrx_word' id='word_1_214' title='bbox 571 3159 684 3238; x_wconf 90' lang='lat' dir='ltr'><strong>nolim,</strong></span> <span class='ocrx_word' id='word_1_215' title='bbox 708 3162 793 3223; x_wconf 90' lang='lat' dir='ltr'><strong>hanc</strong></span> <span class='ocrx_word' id='word_1_216' title='bbox 809 3158 891 3222; x_wconf 91' lang='lat' dir='ltr'><strong>mihi</strong></span> <span class='ocrx_word' id='word_1_217' title='bbox 912 3159 1025 3222; x_wconf 88' lang='lat' dir='ltr'><strong>videor</strong></span> <span class='ocrx_word' id='word_1_218' title='bbox 1045 3183 1178 3223; x_wconf 87' lang='lat' dir='ltr'><strong>causam</strong></span> <span class='ocrx_word' id='word_1_219' title='bbox 1200 3160 1401 3243; x_wconf 87' lang='lat' dir='ltr'><strong>intelligere.</strong></span> 
     </span>
     <span class='ocr_line' id='line_1_26' title="bbox 116 3277 1402 3363; baseline 0.002 -24"><span class='ocrx_word' id='word_1_220' title='bbox 116 3282 205 3340; x_wconf 87' lang='lat' dir='ltr'><strong>Ante</strong></span> <span class='ocrx_word' id='word_1_221' title='bbox 221 3277 402 3340; x_wconf 90' lang='lat' dir='ltr'><strong>Homerum</strong></span> <span class='ocrx_word' id='word_1_222' title='bbox 425 3285 458 3341; x_wconf 92' lang='lat' dir='ltr'><strong>et</strong></span> <span class='ocrx_word' id='word_1_223' title='bbox 474 3278 657 3341; x_wconf 90' lang='lat' dir='ltr'><strong>Hesiodum</strong></span> <span class='ocrx_word' id='word_1_224' title='bbox 679 3279 734 3342; x_wconf 88' lang='lat' dir='ltr'><strong>alii</strong></span> <span class='ocrx_word' id='word_1_225' title='bbox 756 3278 847 3341; x_wconf 85' lang='lat' dir='ltr'><strong>fuere</strong></span> <span class='ocrx_word' id='word_1_226' title='bbox 870 3286 998 3361; x_wconf 88' lang='lat' dir='ltr'><strong>poetae,</strong></span> <span class='ocrx_word' id='word_1_227' title='bbox 1023 3279 1127 3362; x_wconf 88' lang='lat' dir='ltr'><strong>quiin</strong></span> <span class='ocrx_word' id='word_1_228' title='bbox 1143 3280 1281 3343; x_wconf 86' lang='lat' dir='ltr'><strong>Graecia</strong></span> <span class='ocrx_word' id='word_1_229' title='bbox 1302 3279 1402 3363; x_wconf 91' lang='lat' dir='ltr'><strong>pede-</strong></span> 
     </span>
     <span class='ocr_line' id='line_1_27' title="bbox 115 3397 1403 3476; baseline 0.002 -18"><span class='ocrx_word' id='word_1_230' title='bbox 115 3398 367 3460; x_wconf 81' lang='lat' dir='ltr'><strong>temtimartem</strong></span> <span class='ocrx_word' id='word_1_231' title='bbox 383 3398 554 3461; x_wconf 89' lang='lat' dir='ltr'><strong>metricam</strong></span> <span class='ocrx_word' id='word_1_232' title='bbox 571 3399 790 3476; x_wconf 81' lang='lat' dir='ltr'><strong>excolerent,⁴</strong></span> <span class='ocrx_word' id='word_1_233' title='bbox 808 3397 939 3462; x_wconf 88' lang='lat' dir='ltr'><strong>fabulas</strong></span> <span class='ocrx_word' id='word_1_234' title='bbox 950 3399 989 3462; x_wconf 90' lang='lat' dir='ltr'><strong>de</strong></span> <span class='ocrx_word' id='word_1_235' title='bbox 1007 3398 1068 3461; x_wconf 90' lang='lat' dir='ltr'><strong>diis</strong></span> <span class='ocrx_word' id='word_1_236' title='bbox 1085 3406 1119 3462; x_wconf 92' lang='lat' dir='ltr'><strong>et</strong></span> <span class='ocrx_word' id='word_1_237' title='bbox 1135 3400 1290 3463; x_wconf 89' lang='lat' dir='ltr'><strong>heroibus</strong></span> <span class='ocrx_word' id='word_1_238' title='bbox 1302 3405 1403 3462; x_wconf 88' lang='lat' dir='ltr'><strong>cantu</strong></span> 
     </span>
     <span class='ocr_line' id='line_1_28' title="bbox 116 3516 1402 3601; baseline 0.002 -24"><span class='ocrx_word' id='word_1_239' title='bbox 116 3516 336 3594; x_wconf 88' lang='lat' dir='ltr'><strong>celebrarent,</strong></span> <span class='ocrx_word' id='word_1_240' title='bbox 364 3519 505 3600; x_wconf 88' lang='lat' dir='ltr'><strong>optimas</strong></span> <span class='ocrx_word' id='word_1_241' title='bbox 523 3525 557 3580; x_wconf 91' lang='lat' dir='ltr'><strong>et</strong></span> <span class='ocrx_word' id='word_1_242' title='bbox 572 3519 713 3581; x_wconf 85' lang='lat' dir='ltr'><strong>maxime</strong></span> <span class='ocrx_word' id='word_1_243' title='bbox 737 3541 755 3580; x_wconf 91' lang='lat' dir='ltr'><strong>a</strong></span> <span class='ocrx_word' id='word_1_244' title='bbox 777 3518 900 3601; x_wconf 91' lang='lat' dir='ltr'><strong>populo</strong></span> <span class='ocrx_word' id='word_1_245' title='bbox 917 3519 1069 3582; x_wconf 89' lang='lat' dir='ltr'><strong>laudatas</strong></span> <span class='ocrx_word' id='word_1_246' title='bbox 1091 3526 1322 3601; x_wconf 88' lang='lat' dir='ltr'><strong>congererent,</strong></span> <span class='ocrx_word' id='word_1_247' title='bbox 1347 3540 1402 3580; x_wconf 83' lang='lat' dir='ltr'><strong>ex·</strong></span> 
     </span>
     <span class='ocr_line' id='line_1_29' title="bbox 115 3633 1402 3720; baseline 0.003 -25"><span class='ocrx_word' id='word_1_248' title='bbox 115 3633 274 3716; x_wconf 90' lang='lat' dir='ltr'><strong>polirent,</strong></span> <span class='ocrx_word' id='word_1_249' title='bbox 301 3636 388 3699; x_wconf 91' lang='lat' dir='ltr'><strong>inter</strong></span> <span class='ocrx_word' id='word_1_250' title='bbox 404 3659 438 3700; x_wconf 90' lang='lat' dir='ltr'><strong>se</strong></span> <span class='ocrx_word' id='word_1_251' title='bbox 456 3643 706 3714; x_wconf 89' lang='lat' dir='ltr'><strong>connecterent,</strong></span> <span class='ocrx_word' id='word_1_252' title='bbox 733 3637 868 3699; x_wconf 87' lang='lat' dir='ltr'><strong>deorum</strong></span> <span class='ocrx_word' id='word_1_253' title='bbox 890 3659 955 3700; x_wconf 93' lang='lat' dir='ltr'><strong>non</strong></span> <span class='ocrx_word' id='word_1_254' title='bbox 977 3638 1084 3700; x_wconf 89' lang='lat' dir='ltr'><strong>minus</strong></span> <span class='ocrx_word' id='word_1_255' title='bbox 1111 3661 1207 3720; x_wconf 89' lang='lat' dir='ltr'><strong>quam</strong></span> <span class='ocrx_word' id='word_1_256' title='bbox 1232 3637 1402 3701; x_wconf 91' lang='lat' dir='ltr'><strong>hominum</strong></span> 
     </span>
    </p>
   </div>
   <div class='ocr_carea' id='block_1_5' title="bbox 114 3856 1402 4438">
    <p class='ocr_par' dir='ltr' id='par_1_5' title="bbox 116 3856 1401 4011">
     <span class='ocr_line' id='line_1_30' title="bbox 185 3856 1401 3926; baseline 0.001 -18"><span class='ocrx_word' id='word_1_257' title='bbox 185 3856 194 3886; x_wconf 92' lang='lat'>¹</span> <span class='ocrx_word' id='word_1_258' title='bbox 213 3857 370 3922; x_wconf 86' lang='lat' dir='ltr'><strong>Gerhard,</strong></span> <span class='ocrx_word' id='word_1_259' title='bbox 389 3862 451 3909; x_wconf 73' lang='lat' dir='ltr'><strong>dher</strong></span> <span class='ocrx_word' id='word_1_260' title='bbox 471 3862 551 3925; x_wconf 76' lang='lat' dir='ltr'><strong>Orpt.</strong></span> <span class='ocrx_word' id='word_1_261' title='bbox 571 3862 605 3909; x_wconf 84' lang='lat' dir='ltr'><strong>N.</strong></span> <span class='ocrx_word' id='word_1_262' title='bbox 626 3865 671 3908; x_wconf 85' lang='lat'><strong>65:</strong></span> <span class='ocrx_word' id='word_1_263' title='bbox 691 3862 781 3919; x_wconf 74' lang='lat' dir='ltr'><strong>„Otae</strong></span> <span class='ocrx_word' id='word_1_264' title='bbox 802 3864 916 3926; x_wconf 77' lang='lat' dir='ltr'><strong>Orpheae</strong></span> <span class='ocrx_word' id='word_1_265' title='bbox 933 3863 991 3911; x_wconf 72' lang='lat' dir='ltr'><strong>lesia</strong></span> <span class='ocrx_word' id='word_1_266' title='bbox 1010 3864 1124 3912; x_wconf 69' lang='lat' dir='ltr'><strong>Hosner“</strong></span> <span class='ocrx_word' id='word_1_267' title='bbox 1142 3871 1167 3910; x_wconf 86' lang='lat' dir='ltr'><strong>et</strong></span> <span class='ocrx_word' id='word_1_268' title='bbox 1185 3862 1303 3910; x_wconf 85' lang='lat' dir='ltr'><strong>similiter</strong></span> <span class='ocrx_word' id='word_1_269' title='bbox 1319 3863 1401 3920; x_wconf 73' lang='lat' dir='ltr'><strong>Rode,</strong></span> 
     </span>
     <span class='ocr_line' id='line_1_31' title="bbox 116 3946 327 4011; baseline 0.014 -18"><span class='ocrx_word' id='word_1_270' title='bbox 116 3946 133 3994; x_wconf 88' lang='lat' dir='ltr'><strong>l.</strong></span> <span class='ocrx_word' id='word_1_271' title='bbox 154 3963 176 3994; x_wconf 85' lang='lat' dir='ltr'><strong>c.</strong></span> <span class='ocrx_word' id='word_1_272' title='bbox 193 3960 224 4008; x_wconf 75' lang='lat' dir='ltr'><strong>p.</strong></span> <span class='ocrx_word' id='word_1_273' title='bbox 245 3950 276 3993; x_wconf 87' lang='grc'><strong>69</strong></span> <span class='ocrx_word' id='word_1_274' title='bbox 289 3964 327 4011; x_wconf 78' lang='lat' dir='ltr'><strong>aq.</strong></span> 
     </span>
    </p>

    <p class='ocr_par' dir='ltr' id='par_1_6' title="bbox 183 4026 650 4096">
     <span class='ocr_line' id='line_1_32' title="bbox 183 4026 650 4096; baseline 0 -16"><span class='ocrx_word' id='word_1_275' title='bbox 183 4026 273 4095; x_wconf 63' lang='lat' dir='ltr'><strong>”Apa</strong></span> <span class='ocrx_word' id='word_1_276' title='bbox 294 4032 312 4081; x_wconf 87' lang='lat' dir='ltr'><strong>l.</strong></span> <span class='ocrx_word' id='word_1_277' title='bbox 333 4033 373 4090; x_wconf 90' lang='lat' dir='ltr'><strong>II,</strong></span> <span class='ocrx_word' id='word_1_278' title='bbox 392 4049 450 4096; x_wconf 80' lang='lat' dir='ltr'><strong>cap.</strong></span> <span class='ocrx_word' id='word_1_279' title='bbox 470 4036 530 4095; x_wconf 76' lang='lat' dir='ltr'><strong>ep.</strong></span> <span class='ocrx_word' id='word_1_280' title='bbox 551 4035 650 4096; x_wconf 73' lang='lat' dir='ltr'><strong>aaasq.</strong></span> 
     </span>
    </p>

    <p class='ocr_par' dir='ltr' id='par_1_7' title="bbox 114 4112 1400 4265">
     <span class='ocr_line' id='line_1_33' title="bbox 183 4112 1400 4182; baseline 0 -18"><span class='ocrx_word' id='word_1_281' title='bbox 183 4112 263 4177; x_wconf 80' lang='lat' dir='ltr'><strong>³Cs.,</strong></span> <span class='ocrx_word' id='word_1_282' title='bbox 284 4131 349 4179; x_wconf 87' lang='lat' dir='ltr'><strong>quae</strong></span> <span class='ocrx_word' id='word_1_283' title='bbox 370 4115 574 4176; x_wconf 85' lang='lat' dir='ltr'><strong>Gerhardus,</strong></span> <span class='ocrx_word' id='word_1_284' title='bbox 594 4117 613 4165; x_wconf 84' lang='lat' dir='ltr'><strong>l.</strong></span> <span class='ocrx_word' id='word_1_285' title='bbox 632 4135 655 4167; x_wconf 83' lang='lat' dir='ltr'><strong>c.</strong></span> <span class='ocrx_word' id='word_1_286' title='bbox 672 4135 701 4181; x_wconf 79' lang='lat' dir='ltr'><strong>p.</strong></span> <span class='ocrx_word' id='word_1_287' title='bbox 724 4123 754 4166; x_wconf 83' lang='lat'><strong>13</strong></span> <span class='ocrx_word' id='word_1_288' title='bbox 767 4135 804 4182; x_wconf 77' lang='lat' dir='ltr'><strong>eq.</strong></span> <span class='ocrx_word' id='word_1_289' title='bbox 832 4119 952 4181; x_wconf 85' lang='lat' dir='ltr'><strong>disputat,</strong></span> <span class='ocrx_word' id='word_1_290' title='bbox 979 4119 1021 4166; x_wconf 88' lang='lat' dir='ltr'><strong>cui</strong></span> <span class='ocrx_word' id='word_1_291' title='bbox 1046 4119 1123 4181; x_wconf 87' lang='lat' dir='ltr'><strong>capiti</strong></span> <span class='ocrx_word' id='word_1_292' title='bbox 1148 4118 1249 4166; x_wconf 87' lang='lat' dir='ltr'><strong>titulum</strong></span> <span class='ocrx_word' id='word_1_293' title='bbox 1267 4115 1400 4180; x_wconf 82' lang='lat' dir='ltr'><strong>praefixit:</strong></span> 
     </span>
     <span class='ocr_line' id='line_1_34' title="bbox 114 4202 553 4265; baseline 0 -14"><span class='ocrx_word' id='word_1_294' title='bbox 114 4202 165 4251; x_wconf 78' lang='lat' dir='ltr'><strong>Die</strong></span> <span class='ocrx_word' id='word_1_295' title='bbox 186 4203 340 4251; x_wconf 66' lang='lat' dir='ltr'><strong>Heraka&#39;ache</strong></span> <span class='ocrx_word' id='word_1_296' title='bbox 359 4202 553 4265; x_wconf 70' lang='lat' dir='ltr'><strong>Sdaycrechale.</strong></span> 
     </span>
    </p>

    <p class='ocr_par' dir='ltr' id='par_1_8' title="bbox 115 4283 1402 4438">
     <span class='ocr_line' id='line_1_35' title="bbox 183 4283 1402 4352; baseline 0 -17"><span class='ocrx_word' id='word_1_297' title='bbox 183 4283 194 4313; x_wconf 83' lang='lat'><strong>⁴</strong></span> <span class='ocrx_word' id='word_1_298' title='bbox 212 4285 343 4346; x_wconf 80' lang='lat' dir='ltr'><strong>Quantum</strong></span> <span class='ocrx_word' id='word_1_299' title='bbox 361 4287 436 4335; x_wconf 85' lang='lat' dir='ltr'><strong>distet</strong></span> <span class='ocrx_word' id='word_1_300' title='bbox 454 4287 601 4336; x_wconf 86' lang='lat' dir='ltr'><strong>hexameter</strong></span> <span class='ocrx_word' id='word_1_301' title='bbox 623 4302 711 4336; x_wconf 85' lang='lat' dir='ltr'><strong>versus</strong></span> <span class='ocrx_word' id='word_1_302' title='bbox 730 4303 746 4336; x_wconf 86' lang='lat' dir='ltr'><strong>a</strong></span> <span class='ocrx_word' id='word_1_303' title='bbox 763 4295 876 4336; x_wconf 84' lang='lat' dir='ltr'><strong>veterum</strong></span> <span class='ocrx_word' id='word_1_304' title='bbox 893 4288 1139 4352; x_wconf 78' lang='lat' dir='ltr'><strong>Indogermanorum</strong></span> <span class='ocrx_word' id='word_1_305' title='bbox 1163 4288 1270 4337; x_wconf 87' lang='lat' dir='ltr'><strong>rudibus</strong></span> <span class='ocrx_word' id='word_1_306' title='bbox 1288 4287 1402 4336; x_wconf 83' lang='lat' dir='ltr'><strong>hemisti-</strong></span> 
     </span>
     <span class='ocr_line' id='line_1_36' title="bbox 115 4371 1126 4438; baseline 0.004 -19"><span class='ocrx_word' id='word_1_307' title='bbox 115 4371 190 4431; x_wconf 86' lang='lat' dir='ltr'><strong>chiis,</strong></span> <span class='ocrx_word' id='word_1_308' title='bbox 209 4373 341 4435; x_wconf 86' lang='lat' dir='ltr'><strong>praeclare</strong></span> <span class='ocrx_word' id='word_1_309' title='bbox 359 4371 447 4420; x_wconf 83' lang='lat' dir='ltr'><strong>docuit</strong></span> <span class='ocrx_word' id='word_1_310' title='bbox 465 4372 634 4421; x_wconf 85' lang='lat' dir='ltr'><strong>Rossbach</strong></span> <span class='ocrx_word' id='word_1_311' title='bbox 653 4380 678 4422; x_wconf 85' lang='lat' dir='ltr'><strong>et</strong></span> <span class='ocrx_word' id='word_1_312' title='bbox 695 4372 883 4436; x_wconf 86' lang='lat' dir='ltr'><strong>Westphal,</strong></span> <span class='ocrx_word' id='word_1_313' title='bbox 903 4374 922 4423; x_wconf 84' lang='lat' dir='ltr'><strong>l.</strong></span> <span class='ocrx_word' id='word_1_314' title='bbox 943 4391 965 4423; x_wconf 83' lang='lat' dir='ltr'><strong>c.</strong></span> <span class='ocrx_word' id='word_1_315' title='bbox 985 4374 1025 4432; x_wconf 87' lang='lat' dir='ltr'><strong>II,</strong></span> <span class='ocrx_word' id='word_1_316' title='bbox 1045 4378 1074 4421; x_wconf 87' lang='lat' dir='ltr'><strong>ll</strong></span> <span class='ocrx_word' id='word_1_317' title='bbox 1088 4391 1126 4438; x_wconf 76' lang='lat' dir='ltr'><strong>eq.</strong></span> 
     </span>
    </p>
   </div>
   <div class='ocr_carea' id='block_1_6' title="bbox 0 0 1524 4988">
    <p class='ocr_par' dir='ltr' id='par_1_9' title="bbox 0 0 1524 4988">
     <span class='ocr_line' id='line_1_37' title="bbox 0 0 1524 4988; baseline 0 0"><span class='ocrx_word' id='word_1_318' title='bbox 0 0 1524 4988; x_wconf 95' lang='lat' dir='ltr'><strong> </strong></span> 
     </span>
    </p>
   </div>
  </div>
 </body>
</html>
