3038 4988
734 236 773 296 60

12 453 17 457 ’
111 448 231 501 utnon
249 437 345 500 aliter
366 444 465 519 atque
481 435 619 498 Hesiodi
634 436 856 520 temporibus¹
878 435 974 499 anxie
991 435 1212 518 quaesiverint
1228 436 1268 499 de
1285 436 1400 500 mundi

113 564 188 620 ortu
210 564 244 619 et
259 556 357 619 rebus
373 562 450 638 post
466 561 606 618 mortem
622 554 754 618 futuris.
802 554 859 618 Sin
876 555 1028 638 Orpheus
1045 577 1086 618 ne
1103 555 1248 617 Graecus
1266 555 1400 638 quidem

114 677 172 739 sed
187 675 313 738 Pierius
329 675 350 737 i.
364 696 391 737 e.
410 674 568 737 Thracius
584 680 683 756 poeta
698 673 779 750 fuit,
802 674 966 757 quomodo
984 674 1146 737 Graecum
1163 695 1295 738 carmen
1312 697 1401 738 com·

113 817 234 879 ponere
257 802 291 857 et
307 794 451 857 Graecos
467 793 545 856 deos
563 793 728 856 celebrare
744 793 874 876 potuit?
919 795 1092 857 Postremo
1115 793 1143 856 si
1160 793 1313 878 Orpheus
1334 793 1400 857 iam

115 936 227 977 omnes
244 913 437 997 Olympicos
459 913 538 975 deos
559 919 711 991 noverat,
735 936 813 975 num
830 912 929 976 etiam
946 913 983 990 ii,
1008 913 1161 995 aquibus
1184 935 1296 976 eorum
1312 914 1400 976 noti·

112 1032 194 1096 tiam
211 1031 349 1115 accepit,
373 1033 392 1093 J
395 1031 464 1094 ovis
481 1031 649 1095 Minervae
667 1031 832 1115 Apollinis
848 1031 982 1095 numina
998 1031 1097 1094 sicuti
1112 1032 1278 1095 Homerus
1294 1031 1398 1095 omni-

113 1153 187 1230 bus,
211 1173 293 1233 quae
309 1150 496 1214 hominibus
514 1158 602 1228 sunt,
625 1150 725 1214 animi
741 1151 931 1228 virtutibus,
954 1150 1055 1228 vitiis,
1080 1151 1288 1234 cupidinibus
1306 1174 1400 1214 orna·

113 1277 233 1334 verunt
240 1295 249 1346 3
274 1293 315 1333 an
335 1276 407 1332 tum
429 1270 528 1333 etiam
551 1271 612 1334 sub
629 1270 764 1333 deorum
783 1270 971 1334 nominibus
987 1269 1231 1333 subaudiebant
1246 1269 1401 1333 notiones

114 1389 231 1453 virium
257 1398 290 1452 et
310 1391 610 1473 phaenomenorum
631 1389 852 1452 naturalium?
897 1388 1030 1452 Etenim
1055 1395 1132 1451 ante
1154 1389 1325 1472 Orpheum
1350 1411 1401 1452 re·

115 1509 220 1592 gressi
235 1509 323 1571 haud
339 1510 438 1590 longe
449 1507 613 1571 aberimus
629 1509 670 1572 ab
681 1508 753 1571 aevi
768 1508 1033 1592 Indogermanici
1048 1507 1227 1586 liminibus,
1245 1508 1304 1572 ubi
1319 1530 1402 1572 non·

115 1629 192 1691 dum
215 1628 429 1712 grassabatur
450 1627 507 1690 illa
529 1629 795 1710 metaphorarum
815 1627 937 1707 labies,
962 1650 1025 1710 qua
1044 1634 1161 1710 postea
1178 1628 1360 1712 Olympum
1381 1650 1402 1692 a

115 1747 177 1809 diis
202 1745 448 1829 frequentatum
473 1748 521 1809 M.
545 1747 768 1810 Muellerus
794 1747 923 1830 putat²
968 1747 1087 1830 Itaque
1111 1748 1282 1830 Orpheum
1305 1746 1400 1810 nullo

115 1866 212 1929 modo
237 1865 285 1929 ita
310 1888 383 1928 cum
403 1866 547 1929 Homero
573 1874 607 1930 et
627 1867 773 1930 Hesiodo
799 1867 1062 1949 componendum
1086 1873 1185 1950 puto,
1212 1865 1305 1948 quasi
1328 1865 1401 1950 ipse

116 1985 342 2068 Theogoniam
358 1985 456 2048 sicuti
475 1985 524 2048 illi
540 1985 681 2048 iliadem
697 1993 731 2048 et
746 1985 912 2050 Hesiodea
928 1986 1071 2049 carmina
1086 1985 1208 2048 litteris
1226 1985 1400 2068 consigna-

115 2105 210 2168 verit.
257 2106 350 2167 Inter
371 2126 427 2167 eos
448 2104 550 2186 igitur
565 2105 737 2167 habendus
757 2112 808 2167 est
823 2113 956 2188 poetaS,
980 2104 1036 2188 qui
1050 2104 1334 2189 rhapsodistarum
1350 2105 1402 2168 in·

116 2231 184 2287 star
206 2223 525 2287 antehomericorum
546 2244 603 2307 per
624 2225 730 2286 multa
750 2225 882 2287 saecula
907 2247 1018 2287 omnes
1040 2224 1185 2302 fabulas,
1212 2223 1331 2307 quibus
1357 2223 1399 2302 ei,

118 2343 174 2425 qui
188 2343 322 2406 tandem
340 2342 531 2406 continuum
548 2364 630 2424 opus
647 2342 794 2406 editurus
812 2349 910 2421 esset,
935 2367 1016 2426 opus
1032 2343 1107 2421 fuit,
1126 2342 1323 2426 colligerent
1339 2344 1400 2406 fin·

114 2469 232 2546 gerent
248 2463 513 2525 connecterent.³
538 2462 593 2525 Ita
609 2461 672 2524 etsi
688 2484 752 2525 non
769 2461 884 2539 forma,
902 2468 1014 2526 tamen
1029 2469 1262 2545 argumentum
1279 2461 1402 2545 Orphi-

115 2603 172 2645 cae
188 2581 398 2664 Theogoniae
420 2581 460 2644 ab
478 2581 611 2665 Orpheo
633 2581 772 2644 forsitan
794 2581 899 2664 repeti
914 2603 1011 2664 posse
1028 2581 1191 2645 videatur.
1238 2583 1404 2646 Attamen

112 2722 154 2764 ne
169 2721 385 2784 praepropere
401 2723 548 2783 agamus,
568 2701 749 2764 cavendum
766 2707 828 2763 est.
852 2700 986 2764 Etenim
1002 2701 1137 2764 tertium
1149 2723 1279 2784 quoque
1289 2701 1401 2765 datur.

97 2819 203 2920 'Ouid
220 2819 322 2897 enim,
341 2818 368 2881 si
385 2820 530 2902 Orphica
546 2819 737 2903 Theogonia
752 2841 857 2901 neque
875 2820 915 2883 ab
933 2821 1066 2903 Orpheo
1083 2806 1207 2904 scripta
1225 2841 1332 2903 neque
1352 2819 1405 2884 ita

115 2959 189 3001 cum
206 2960 243 3001 eo
261 2960 407 3002 connexa
423 2945 509 3016 erat,
530 2946 569 3002 ut
587 2937 712 3021 Orphei
728 2942 852 3025 δόγματα
872 2938 906 3002 in
926 2960 964 3003 ea
980 2939 1128 3022 quamvis
1148 2940 1189 3003 ab
1206 2939 1271 3003 alio
1287 2961 1403 3003 recen·

113 3057 207 3121 tioris
224 3056 343 3120 aetatis
360 3057 518 3141 scriptore
534 3057 680 3140 reposita
696 3064 823 3136 essent,
847 3059 906 3121 sed
920 3080 1052 3141 prorsus
1068 3058 1196 3121 nullum
1212 3058 1300 3122 inter
1314 3061 1402 3123 hanc
1463 3105 1467 3113 .

114 3184 149 3240 ct
168 3184 314 3240 veterem
337 3184 447 3240 vatem
468 3177 637 3240 vinculum
660 3177 834 3240 exstabat?
879 3177 1069 3240 Videndum
1093 3177 1211 3261 igitur,
1239 3176 1318 3260 quid
1339 3199 1403 3241 nos

114 3303 262 3360 veterum
285 3303 456 3360 auctorum
476 3295 668 3360 testimonia
690 3296 730 3359 de
751 3297 814 3358 hac
830 3318 865 3359 re
881 3296 1034 3360 doceant.
1081 3297 1291 3380 Quamquam
1312 3296 1401 3360 enim

114 3438 180 3478 non
200 3437 303 3498 nego,
326 3415 397 3479 lieri
412 3416 577 3498 potuisse,
600 3423 639 3478 ut
655 3416 816 3499 quaedam
832 3414 1001 3479 doctrinae
1022 3415 1062 3479 ab
1080 3416 1213 3500 Orpheo
1229 3416 1400 3498 profectae

98 3542 150 3598 *et
171 3535 211 3598 ab
234 3535 303 3623 ejus
320 3533 490 3616 discipulis
508 3536 562 3597 vel
583 3558 601 3597 a
617 3534 813 3617 quibusdam
830 3533 980 3617 collegiis
1002 3535 1263 3598 sacerdotalibus
1283 3556 1403 3619 propa-

184 3790 193 3820 ¹
211 3793 414 3856 Bernhardy,
434 3794 452 3842 l.
467 3810 489 3842 o.
507 3794 546 3851 ΙΙ,
562 3798 613 3857 lp.
629 3797 677 3840 269
691 3809 728 3857 aq.
765 3791 823 3841 Etsi
841 3792 966 3855 imprimis
986 3808 1018 3841 ex
1036 3793 1117 3842 altero
1136 3794 1248 3842 carmine
1264 3788 1304 3844 Ἐ.
1317 3787 1401 3843 afli.

115 3879 241 3941 quaedam
259 3878 337 3926 animi
355 3878 458 3926 tristitia
476 3884 631 3940 compareat,
653 3885 737 3925 tamen
757 3878 834 3927 etiam
851 3879 878 3926 in
895 3877 1049 3941 Theogonis
1066 3878 1136 3928 illam
1154 3878 1318 3928 Homericam
1336 3877 1402 3926 hila·

114 3965 216 4012 ritatem
234 3963 378 4012 desiderare
396 3963 460 4011 mihi
478 3963 574 4013 videor.
611 3961 684 4021 Quae
702 3964 799 4023 nescio,
825 3978 857 4011 an
881 3963 943 4012 aclis
960 3963 1071 4014 donibus
1093 3977 1194 4027 semper
1211 3964 1296 4024 fuerit,
1315 3977 1401 4026 neque

114 4049 167 4098 ullo
186 4057 300 4112 tempore
319 4050 396 4097 etiam
413 4048 547 4097 Aeolibus.

183 4130 194 4162 ²
216 4134 388 4197 Vorlearmpea
404 4135 466 4183 iiber
483 4136 525 4183 die
542 4134 724 4199 Wareaschoft
741 4136 788 4184 der
807 4136 929 4199 Sprcehe,
946 4136 1030 4184 iibere.
1050 4152 1073 4185 υ.
1096 4136 1122 4184 0.
1140 4138 1250 4199 Bdttyer
1269 4135 1306 4198 (2.
1324 4137 1401 4201 Acfl.

114 4218 220 4285 Leipzig]
241 4219 327 4282 1866),
347 4220 387 4279 ΙΙ,
406 4224 454 4267 336
468 4236 506 4283 sq.

184 4301 194 4331 ³
212 4304 255 4354 cf.
275 4304 412 4367 Philoponi
430 4305 508 4353 verba
525 4320 603 4369 supra
619 4305 735 4354 laudata:
756 4303 793 4372 μὴ
812 4302 884 4355 δοκεῖ
900 4292 1017 4375 Ὀρφέὼς
1034 4301 1099 4355 εἶναι
1117 4301 1149 4355 τὰ
1168 4300 1218 4372 ἔπη
1233 4340 1240 4355 .
1255 4341 1261 4354 .
1276 4340 1283 4354 .
1298 4341 1304 4354 .
1319 4301 1402 4354 αὐτοῦ

115 4388 162 4456 μὲν
180 4388 228 4459 γάρ
247 4388 294 4440 εἰσι
311 4386 344 4439 τὰ
363 4386 479 4456 δόγματα
495 4387 555 4441 κτλ.
