3038 4988
680 230 851 324 *g—
907 258 912 264 .

124 430 293 513 Orpheum
310 429 426 492 laudat
442 437 477 492 eh
491 430 658 514 respicit.¹
690 430 765 493 Qua
781 431 820 494 de
839 453 936 494 eausa
952 431 1050 494 miror
1065 430 1333 510 Lobeokium,
1351 433 1407 516 qui

114 548 262 625 ,libidine
285 530 382 611 modo
404 549 603 634 Rhapsodiis
627 550 723 612 modo
746 550 912 613 Hellanioi
934 550 1098 634 Orphioae
1120 551 1319 633 theogoniae
1341 553 1407 616 sin·

122 669 221 752 gulos
238 669 472 751 Athenagorae
488 669 580 733 locos
595 669 754 732 tribuat.²
785 669 949 752 Equidem
970 692 1034 733 non
1052 669 1115 734 nisi
1133 671 1288 748 alteram,
1310 692 1405 754 qnam

122 786 318 850 Damasoius
333 790 385 875 τὴν
399 796 469 856 κατὰ
479 795 582 857 Ἑλλάς,
599 821 653 858 taor
666 796 711 856 καὶ
721 797 881 876 Ἱερώνυμον
896 796 1009 867 vocat,
1034 789 1063 852 ei
1078 797 1193 852 notam
1215 788 1315 862 fuisse
1332 812 1406 853 oen-

123 928 191 970 seo.
223 906 265 969 Id
281 906 369 989 quod
384 929 472 971 nune
486 909 625 992 probare
643 909 796 972 conabor.

208 1025 402 1088 Damaseius
424 1027 592 1090 Hellanioi
617 1036 651 1090 et
672 1027 866 1110 Hieronymi
888 1026 1114 1109 Theogoniam
1137 1027 1186 1090 ita
1210 1028 1406 1093 describitz³

122 1149 242 1230 Τοιαότη
265 1154 313 1231 μὲν
329 1156 347 1231 ή
364 1154 480 1231 συνήθης
492 1152 609 1235 Ὀρφικὴ
626 1155 758 1233 θεογονία.
792 1152 826 1214 Ἡ
844 1157 873 1214 δὲ
887 1155 958 1214 κατὰ
972 1155 1017 1214 τὸν
1036 1152 1192 1234 Ἱερώνυμον
1207 1156 1341 1234 φερομένη
1363 1157 1407 1217 καλ

125 1269 303 1346 Ἑλλάνικον,
319 1270 393 1350 εἴπερ
409 1270 449 1352 μὴ
467 1273 512 1333 καὶ
525 1275 540 1333 ὁ
555 1274 634 1341 αὐτός
649 1267 743 1348 ἐστιν,4
760 1242 845 1340 οὕτως
861 1272 926 1356 ἔχει.
944 1271 1041 1351 Ὕδωρ
1057 1274 1099 1352 ῆν,
1115 1274 1202 1352 φησὶν,
1221 1273 1248 1341 ἐξ
1263 1276 1350 1357 ἀρχῆς
1363 1277 1408 1336 καὶ

123 1389 174 1468 θλη
190 1384 276 1465 (ἰλὺς),
292 1389 365 1469 ἑξῆς
380 1393 465 1471 ἐπάγη
482 1395 499 1471 ἡ
515 1399 563 1472 γῆ,
579 1392 626 1453 δόο
641 1389 741 1459 ταότας
756 1390 843 1475 ἀρχάς
858 1393 1047 1470 ὑποτιθέμενος
1060 1398 1180 1471 πρῶτον,
1196 1394 1269 1472 ὕδωρ
1284 1395 1328 1453 καὶ
1343 1400 1405 1472 γῆν·

125 1504 177 1587 τὴν
190 1510 220 1569 δὲ
233 1509 294 1587 μίαν
308 1511 360 1589 πρὸ
374 1518 427 1571 τῶν
443 1515 513 1572 δυοῖν
529 1511 643 1590 άρρητον
658 1513 763 1591 ἀφίησι·
783 1508 835 1591 τὴν
850 1515 880 1572 δὲ
894 1512 983 1589 τρίτην
998 1513 1084 1592 ἀρχὴν
1099 1513 1168 1589 μετὰ
1183 1510 1233 1585 τάς
1250 1509 1300 1572 odo
1318 1537 1405 1590 γεννη-

123 1628 200 1705 θῆναι
215 1630 262 1705 μὲν
276 1629 307 1688 ἐκ
320 1627 439 1705 τούτων,
461 1631 557 1698 ὕδατος
571 1632 640 1710 φημὶ
654 1633 698 1691 καὶ
712 1637 775 1710 γῆς,
798 1633 930 1708 δράκοντα
946 1632 975 1690 δὲ
991 1628 1054 1690 εἶναι
1073 1631 1193 1709 κεφαλάς
1213 1631 1310 1712 ἔχοντα
1330 1656 1406 1709 προς-

120 1747 271 1824 πεφυκυίας
281 1745 383 1826 ταύρου
398 1750 443 1810 καλ
458 1751 569 1823 λέοντος,
586 1753 612 1810 ἐν
626 1753 702 1828 μέσῳ
719 1753 748 1811 δὲ
763 1751 830 1810 θεοῦ
846 1751 993 1827 πρόςωπον,
1009 1749 1080 1831 ἔχειν
1096 1751 1184 1810 δὲκαὶ
1200 1750 1309 1810 ἐπὶτῶν
1323 1750 1407 1828 ὤμων

119 1866 221 1943 πτερὰ,
242 1868 399 1945 ὠνομάσθαι
414 1870 445 1929 δὲ
458 1871 552 1951 χρόνον
568 1870 684 1948 ἀγήραον
699 1871 743 1931 καὶ
762 1868 903 1946 Ἡρακλῆα
918 1869 963 1928 τὸν
978 1868 1071 1927 αὐτὸν·
1093 1873 1204 1928 συνεῖναι
1220 1871 1249 1929 δὲ
1265 1869 1340 1948 αὐτῷ
1358 1871 1406 1948 τὴν

123 1984 265 2063 Ἀνάγκην,
286 1985 361 2064 φύσιν
375 1959 456 2048 οὖσαν
470 1990 518 2067 τῆν
533 1988 615 2066 αὐτὴν
632 1988 677 2048 καὶ
690 1987 866 2066 Ἀδράστειαν
887 1988 1030 2065 ἀσώματον
1050 1989 1262 2065 διωργυιωμένην
1283 1990 1310 2048 ἐν
1330 1991 1407 2050 παντὶ
1422 1988 1426 2000 ’
1485 2049 1487 2053 ,

119 2108 161 2181 τῷ
181 2104 293 2184 κόσμῳ,
312 2111 366 2166 τῶν
385 2109 508 2185 περάτων
529 2107 612 2169 αὐτοῦ
633 2100 830 2186 ’ἐφαπτομένην
869 2105 977 2184 Ταότην
1001 2105 1073 2184 οἶμαι
1097 2107 1223 2184 λέγεσθαι
1245 2109 1294 2186 τήν
1316 2108 1406 2186 τρίτην

120 2223 217 2304 ἀρχὴν,
232 2225 300 2301 πλὴν
315 2224 354 2285 ότι
370 2226 550 2304 ἀρσενόθηλυν
566 2222 651 2305 αὐτὴν
667 2227 845 2304 ὑπεστήσατο.
872 2217 932 2279 His
948 2215 1017 2280 iure
1033 2216 1117 2280 LOb
1127 2217 1285 2280 eckium
1301 2218 1404 2281 cuivis

120 2341 378 2398 consentaneum
403 2343 455 2399 esi
478 2339 678 2421 conjungere
698 2339 934 2420 Athenagorae
957 2337 1094 2399 verba:⁶
1119 2341 1176 2404 (ida
1198 2343 1225 2412 ἐξ
1248 2347 1347 2428 ἀρχῆς,
1369 2348 1406 2412 ῶς

119 2483 207 2538 φασιν,
221 2461 290 2540 ἦσαν
304 2463 329 2522 οἷ
342 2464 412 2538 θεοί,
428 2461 488 2524 ἀλλ’
506 2466 592 2532 οθτως
605 2468 709 2543 γέγονεν
724 2465 812 2524 αὐτῶν
827 2465 940 2530 ἕκαστος
954 2467 991 2530 ὥς
1006 2463 1134 2541 γινόμεθα
1149 2468 1235 2543 ἡμεῖς.
1256 2464 1311 2524 Καὶ
1324 2468 1405 2524 τοῦτο

117 2584 196 2639 πᾶσιν
210 2580 299 2648 αὐτοῖς
314 2581 460 2661 Ευμφωνεῖ·
480 2581 602 2662 Ὁμήρου
618 2583 730 2662 μὲνγὰρ
747 2584 880 2660 λέγοντος·

416 2692 538 2747 Ὠκεανόν
555 2714 585 2748 τε
604 2694 672 2748 θεῶν
690 2696 784 2765 γένεσιν
802 2694 846 2746 καὶ
865 2694 967 2766 μητέρα
986 2691 1084 2764 Τηθύν,

116 2797 242 2879 Ὀρφέως
257 2805 287 2862 δὲ
360 2804 404 2864 καὶ
420 2805 502 2867 αὐτοῦ
517 2806 564 2883 τήν
578 2807 686 2884 πρώτην
700 2807 799 2882 γένεσιν
813 2805 901 2864 αὐτῶν
916 2804 943 2871 ἐξ
958 2804 1055 2871 ῧδατος
1070 2806 1248 2870 συνιστάντος·

415 2913 545 2978 Ὠκεανός,
565 2916 642 2988 ὅσπερ
661 2918 756 2986 γένεσις
773 2917 892 2968 πάντεσσι
910 2914 1056 2968 τέτυκται.6

110 3017 167 3082 Ἦν
181 3022 232 3101 γὰρ
248 3023 320 3103 ὕδωρ
337 3027 407 3108 ἀρχή
429 3025 488 3086 κατ’
508 3026 588 3087 αὐτὸν
606 3031 660 3092 τοῖς
681 3027 763 3099 όλοις,
786 3027 837 3087 ἀπὸ
860 3028 890 3086 δὲ
909 3029 957 3086 τοῦ
979 3026 1076 3091 όδατος
1096 3025 1150 3091 ἰλὺς
1169 3027 1302 3103 κατέστη,
1324 3027 1354 3085 ἐκ
1375 3027 1406 3086 δὲ

118 3141 252 3220 ἑκατέρων
272 3143 399 3223 ἐγεννήθη
423 3151 490 3214 ζῶον
510 3145 616 3225 δράκων
637 3149 848 3224 προςπεφυκυῖαν
870 3145 941 3228 ἔχων
962 3146 1082 3226 κεφαλήν
1103 3145 1206 3211 λέοντος
1236 3138 1295 3221 [καὶ
1321 3146 1404 3222 ἀλλην

117 3253 231 3339 ταόρου]
241 3253 263 3336 ⁷,
278 3263 321 3323 διὰ
336 3265 419 3342 μέσου
436 3266 465 3324 δὲ
481 3264 569 3325 αὐτῶν
583 3265 650 3324 θεοῦ
665 3265 813 3342 πρόςωπον,
829 3261 916 3344 ’όνομα
934 3263 1072 3344 Ἡρακλῆς
1086 3265 1132 3325 καλ
1146 3260 1260 3342 Χρόνος.
1291 3253 1405 3330 Οὗτος-ό

114 3377 256 3458 Ἡρακλῆς
277 3382 411 3461 ἐγέννησεν
433 3384 616 3462 ὑπερμέγεθες
631 3380 700 3457 ὠόν,
721 3381 989 3461 όσυμπληροόμενον
1007 3385 1057 3443 ὑπὸ
1080 3383 1137 3462 βόας
1156 3387 1204 3443 τοῦ
1220 3382 1406 3459 γεγεννηκότος

188 3609 257 3663 ¹cf.
277 3632 299 3665 ο.
323 3618 351 3663 17
366 3633 396 3680 ρ.
418 3619 463 3678 743
485 3621 514 3663 ra
529 3634 560 3681 p.
579 3620 626 3675 νος
646 3620 678 3673 20
693 3633 723 3680 p.
744 3621 790 3678 ους
809 3621 841 3665 32
858 3633 886 3680 p.
910 3619 967 3664 166.

187 3693 256 3748 λον.
276 3701 338 3764 Apu
355 3718 385 3765 p.
405 3704 464 3761 τοι,
483 3706 543 3760 rea,
563 3707 622 3760 τοι,
643 3706 700 3748 548.

188 3779 248 3835 ³13.
268 3804 290 3837 ο.
306 3803 337 3851 p.
357 3792 416 3836 aar.

187 3865 198 3896 ⁴
216 3867 257 3919 cf.
277 3886 343 3934 quae
361 3873 389 3921 in
406 3872 538 3936 Epimetro
557 3874 588 3921 de
607 3887 683 3920 sensu
701 3871 792 3920 horum
811 3871 946 3920 verborum
965 3871 1079 3921 dicturus
1099 3887 1165 3920 sum.

186 3953 198 3984 ⁶
217 3959 244 4009 0.
267 3963 296 4008 18
311 3977 342 4024 p.
363 3964 409 4021 843
428 3961 461 4008 cf.
480 3961 543 4024 Αρλ.
558 3978 588 4025 p.
609 3962 668 4008 487.

186 4037 252 4094 61ῖ.
274 4048 314 4105 14,
328 4049 387 4094 246.
424 4043 491 4094 Cum
508 4047 560 4094 iam
577 4054 689 4095 veterem
707 4043 839 4108 Orpheum
856 4045 996 4094 Homerum
1015 4043 1141 4106 spoliasse
1160 4057 1237 4105 supra
1255 4041 1402 4100 viderimus,

117 4140 170 4175 non
189 4130 313 4192 estquod
331 4130 460 4192 miremur,
480 4131 670 4191 mostellariam,
697 4144 763 4193 quae
782 4145 851 4179 saec.
870 4130 896 4179 Π
913 4146 938 4194 p.
959 4127 1008 4178 Ch.
1028 4144 1053 4177 n.
1074 4127 1172 4192 Orphei
1189 4127 1294 4175 nomine
1312 4126 1402 4175 induto

116 4210 310 4262 Platonicorum
328 4224 424 4264 sectam
440 4216 592 4277 ludificetur,
612 4231 663 4265 uon
681 4217 763 4279 magis
781 4217 952 4266 abstinentem
970 4216 1060 4264 fuisse.

188 4293 287 4348 'Haec
304 4300 382 4349 verba
399 4302 503 4364 Zoega
521 4303 551 4365 (l.
572 4320 594 4351 o.
610 4319 640 4366 p.
661 4300 722 4363 239)
747 4315 780 4350 ex
798 4302 937 4351 Damasoio
956 4302 1026 4350 addit
1043 4300 1213 4364 applaudente
1231 4295 1402 4346 Lobeckio

118 4382 150 4446 (l.
170 4400 193 4433 e.
212 4385 246 4434 N.
266 4385 314 4448 ο.).
